3150 5552
450 671 494 719 ta
518 670 639 720 sutura
662 669 773 720 nauca
1083 652 1127 742 75

99 905 151 980 pit.
180 907 255 963 Erat
272 905 356 962 enim
379 914 505 978 excepta
527 917 696 963 ceterarum
720 903 821 980 specie
841 905 1024 976 lancearum,
1048 923 1128 965 novo

100 1003 231 1078 quodam
251 1005 345 1062 modo
361 1020 503 1078 novaque
521 1003 678 1062 elaborata
691 1003 798 1079 figura,
811 1004 927 1064 habens
946 1005 1030 1080 juxta
1049 1006 1128 1063 lum-

101 1103 171 1159 bum
194 1101 330 1160 medium
352 1101 517 1176 utrobique
535 1101 692 1162 fenestras.
718 1103 775 1161 Hae
801 1121 856 1178 pro
877 1103 1040 1180 pollicibus
1059 1123 1127 1180 per-

101 1199 211 1274 pulcrae
225 1199 296 1256 duae
311 1199 394 1258 acies
414 1216 512 1274 usque
533 1201 572 1258 ad
590 1199 742 1259 declivum
755 1201 890 1259 medium
900 1201 1014 1260 lanceae
1027 1212 1128 1259 exten·

102 1299 223 1360 duntur.
241 1299 330 1358 Hanc
343 1298 436 1374 igitur
450 1299 644 1358 Constantini
659 1299 773 1375 Magni,
793 1311 905 1358 sanctae
919 1297 975 1356 tilii
989 1299 1126 1372 Helena,

102 1395 225 1455 vivilicae
250 1396 351 1454 crucis
373 1395 560 1466 inventricis,
580 1395 673 1454 fuisse
694 1395 865 1468 adfirmant,
887 1413 955 1470 quae
976 1395 1077 1454 media
1096 1395 1128 1452 in

103 1493 196 1568 spina,
209 1512 302 1569 quam
315 1494 455 1552 lumbum
470 1493 609 1570 superius
628 1493 794 1566 nominavi,
809 1511 847 1552 ex
867 1493 970 1563 clavis,
987 1493 1129 1550 manibus

103 1592 290 1668 pedibusque
321 1591 446 1650 Domini
479 1603 509 1650 et
541 1591 754 1667 Redemptoris
781 1591 905 1650 Domini
933 1589 1030 1648 nostri
1056 1589 1129 1647 Jnsu

105 1689 225 1746 Canum
247 1689 366 1763 adfixis,
383 1706 489 1748 cruces
508 1689 610 1748 habet.
629 1687 794 1748 Heinricus
813 1689 916 1764 itaque
934 1705 999 1760 rex,
1013 1699 1047 1743 ut
1066 1697 1130 1744 erat

106 1787 159 1844 Dei
179 1786 300 1860 timens,
325 1787 481 1862 totiusque
503 1785 659 1862 religionis
682 1799 809 1859 amator,
834 1785 938 1844 audito
965 1783 1130 1842 Roduttum

105 1897 164 1942 tam
176 1883 377 1943 inestimabile
389 1885 504 1941 donum
517 1884 629 1942 babere
641 1883 762 1957 celeste,
774 1881 1019 1942 nuntiisdirectis
1032 1896 1130 1958 temp·

106 1981 186 2054 tavit,
200 1981 226 2039 si
239 1981 377 2057 proemiis
388 1981 541 2056 aliquibus
553 1981 584 2039 id
598 1995 702 2057 posset
715 1981 876 2056 adquirere
889 1979 1008 2056 sibique
1023 1981 1130 2038 adver·

107 2097 156 2136 sus
168 2079 301 2138 visibiles
315 2091 407 2155 atque
421 2079 591 2138 invisibiles
605 2079 709 2138 hostes
719 2097 802 2138 arma
814 2078 1013 2138 invictissima
1026 2079 1132 2138 trium·

107 2176 253 2252 pbumque
280 2189 462 2252 perpetuum
490 2193 663 2252 preparare.
688 2177 780 2246 Quod
801 2194 872 2234 cum
903 2193 956 2234 rex
981 2177 1129 2234 Rodulfus

107 2273 199 2332 modis
209 2273 351 2332 omnibus
364 2291 396 2332 se
411 2291 568 2349 nunquam
583 2287 721 2333 acturum
732 2273 876 2346 ediceret,
889 2291 941 2331 rex
955 2273 1129 2347 Heinricus,

108 2371 175 2446 quia
187 2373 305 2431 mollite
319 2373 402 2430 hunc
420 2371 597 2430 muneribus
608 2388 670 2430 non
687 2369 798 2446 potuit,
814 2369 905 2428 minis
923 2383 1035 2430 terrere
1050 2389 1130 2446 mag·

107 2487 214 2546 nopere
227 2469 355 2530 curavit.
368 2470 467 2528 Omne
481 2469 594 2545 quippe
609 2487 735 2545 regnum
753 2469 818 2544 ejus
835 2469 909 2527 cede
923 2481 1014 2544 atque
1029 2469 1131 2527 incen-

108 2565 162 2626 diis
182 2585 214 2626 se
236 2567 493 2642 depopulaturum
509 2584 577 2626 esse
594 2565 744 2641 promisit.
759 2566 839 2636 Quia
853 2583 937 2640 vero,
953 2567 1037 2642 quod
1048 2578 1131 2640 pete·

109 2667 190 2724 batur
210 2683 322 2724 munus
340 2678 414 2738 erat,
433 2683 495 2740 quo
515 2664 691 2724 coelestibus
709 2676 807 2724 terrea
821 2665 902 2723 Deus
920 2666 1128 2740 conjunxerat,

109 2763 179 2838 lapis
197 2763 314 2822 scilicet
333 2763 486 2839 angularis
510 2761 625 2821 faciens
643 2775 772 2838 utraque
788 2781 894 2836 unum,
910 2763 1032 2820 Rodulfi
1051 2762 1130 2838 regis

109 2877 157 2917 cor
168 2861 324 2934 emollivit,
339 2863 480 2936 justoque
502 2861 565 2937 regi
586 2861 666 2934 justa
686 2861 765 2935 juste
784 2859 900 2936 petenti
920 2861 1059 2920 cominus
1072 2874 1131 2919 tra·

110 2957 187 3016 didit.
200 2959 308 3034 Neque
327 2957 408 3016 euim
425 2977 499 3034 pace
516 2971 666 3033 praesente
685 2957 830 3017 simultati
851 2958 938 3016 locus
961 2971 1035 3017 erat.
1053 2961 1131 3016 Nam

110 3067 190 3128 eteo,
202 3057 313 3131 quibis
326 3058 489 3117 crucifixus
503 3071 558 3132 est,
573 3077 591 3118 a
604 3060 702 3126 Pilato
714 3060 753 3118 ad
769 3059 923 3117 Herodem
937 3071 1130 3143 properante,

110 3150 173 3210 iacti
185 3165 257 3212 suot
269 3153 358 3212 amici
373 3155 405 3213 in
419 3154 471 3212 illa
481 3154 542 3229 die,
553 3155 605 3230 qui
615 3155 699 3230 prius
714 3153 829 3212 inimici
840 3166 925 3212 erant
937 3155 976 3212 ad
990 3153 1130 3215 invicem.

112 3251 225 3320 Quanto
246 3267 347 3314 autem
370 3273 473 3314 amore
495 3275 547 3315 rex
567 3255 730 3314 Heinricus
749 3255 908 3330 praelatum
928 3252 1131 3312 inestimabile

112 3349 216 3409 donum
234 3353 397 3428 acceperit,
413 3371 483 3412 cum
502 3353 534 3412 in
553 3353 711 3412 nonnullis
727 3354 828 3426 rebus,
845 3365 910 3412 tum
932 3351 964 3409 in
981 3351 1038 3408 hoc
1055 3367 1132 3426 prae-

113 3448 205 3506 sertim
216 3449 337 3525 claruit,
347 3452 431 3526 quod
445 3469 508 3510 non
523 3451 622 3510 solum
635 3469 674 3511 eo
688 3452 811 3510 dentem
829 3467 862 3509 se
874 3449 940 3508 auri
954 3449 1131 3524 argentique

113 3547 290 3621 muneribus,
316 3567 422 3608 verum
449 3549 542 3610 etiam
567 3550 738 3611 Suevorum
770 3547 928 3626 provincie
958 3558 1045 3622 parte
1068 3564 1131 3606 uon

113 3641 228 3704 minima
239 3644 402 3705 honoravit
415 3645 434 3703 ¹.
451 3665 465 3700 ι

146 3855 230 3920 C'est
246 3873 324 3918 sans
341 3871 470 3918 aucune
491 3851 667 3917 hesitation
684 3870 748 3934 que
771 3869 857 3914 nous
880 3847 1133 3914 reconnaissous

114 3965 186 4028 duos
209 3979 291 4028 cette
319 3961 521 4048 description
548 3963 589 4026 de
618 3962 650 4026 la
671 3961 779 4024 Lance
802 3961 844 4024 de
866 3957 1076 4036 Constantio,
1101 3956 1133 4020 la

115 4069 212 4134 Lance
230 4071 271 4134 de
292 4069 380 4134 saint
401 4067 561 4145 Maurice,
581 4068 614 4133 la
635 4067 744 4134 Lance
762 4067 803 4131 de
824 4067 857 4130 lo
872 4065 1022 4148 Pession,
1039 4064 1132 4129 rede-

145 4365 167 4402 ι.
192 4349 354 4420 luitprandi
386 4345 577 4416 Antapodosis,
658 4345 771 4415 script,
786 4353 805 4398 t.
820 4343 868 4410 111,
883 4357 929 4410 pp.
948 4337 1078 4395 ὅπη-313.

118 4437 159 4490 tib.
172 4438 215 4506 IV,
228 4455 251 4494 c.
262 4451 419 4506 xxm-xxiv,
430 4451 476 4506 ap.
490 4437 578 4503 Perta,
