3134 5606
451 601 519 676 382
641 625 751 676 uorss
771 621 815 676 rr
832 610 964 676 muts
982 610 1288 686 nermowsrquss

517 880 564 920 υ.
581 863 625 920 De
640 875 744 922 sanctu
757 863 854 922 Maria
869 862 1058 938 Msgdelene.

516 960 563 1018 23.
580 961 623 1018 De
639 972 744 1019 saneto
758 959 875 1018 Simon.

517 1075 563 1131 ²4·
581 1057 626 1116 De
640 1069 747 1115 saneto
768 1058 894 1114 Lazaro.

514 1157 560 1214 25.
578 1156 624 1214 De
639 1167 745 1212 sancto
764 1154 883 1229 Egidio.

516 1253 562 1310 ²6.
580 1253 624 1311 De
640 1265 745 1310 sancto
761 1251 911 1309 Dionisio.

513 1367 560 1426 ²7·
578 1350 622 1408 De
642 1363 746 1408 sancte
760 1349 886 1423 Agathe.

514 1447 560 1506 28.
577 1449 622 1506 De
637 1460 743 1506 sancto
757 1445 935 1505 Vincencio.

514 1563 560 1622 ²9·
577 1546 622 1604 De
637 1557 743 1604 sancto
760 1546 844 1604 Lues
858 1543 1064 1620 Evangelista.

513 1641 559 1700 30.
577 1641 622 1700 De
636 1655 743 1700 sancto
758 1641 915 1700 Teodoro.

485 1801 548 1866 Per
562 1817 687 1876 contre,
703 1799 726 1864 il
742 1817 790 1864 est
804 1799 937 1865 difficile
953 1801 1008 1883 d’y
1022 1799 1082 1864 lire
1096 1797 1316 1884 l'inscriptiou
1326 1798 1483 1884 generale

442 1909 500 1994 qui
513 1923 608 1972 court
616 1906 727 1974 ruries
743 1907 878 1972 biseeux
892 1908 937 1971 du
948 1908 1044 1972 cedre
1059 1922 1091 1971 et
1101 1926 1135 1970 se
1144 1907 1225 1992 perd
1240 1909 1323 1972 deus
1337 1907 1482 1972 i’ombre

442 2017 488 2080 du
511 2013 594 2078 binis
615 2014 656 2078 de
680 2033 733 2076 ees
757 2013 903 2079 biseeux.
933 2014 1021 2079 Mais
1044 2017 1140 2098 griee
1163 2013 1420 2098 dl'obligesnce
1438 2013 1481 2075 de

442 2125 492 2188 M.
512 2122 724 2202 Chalandon‚
740 2119 793 2204 J'ei
809 2140 853 2205 pu
870 2139 911 2186 err
926 2120 1018 2186 evoir
1032 2141 1078 2186 un
1088 2137 1277 2206 estampege
1291 2122 1374 2186 dont
1387 2119 1478 2184 voici

441 2231 473 2296 le
486 2231 624 2295 lecture.

512 2413 526 2444 ιι
542 2390 587 2447 De
600 2388 698 2447 Cruce
711 2387 763 2464 qui
778 2405 898 2463 queres,
913 2387 999 2464 legei
1016 2387 1091 2446 lude
1100 2385 1250 2462 presbiter
1265 2386 1354 2444 heres

511 2486 627 2562 Clepsit
637 2503 714 2558 eam,
726 2502 833 2544 nsvem
846 2485 1005 2543 scandens.
1020 2486 1195 2560 Aurumque
1205 2501 1331 2542 suavem

513 2584 591 2641 Dum
606 2583 709 2660 peciit,
724 2583 819 2659 pestis
834 2582 934 2642 nautis
950 2582 1031 2640 veuit
1044 2581 1134 2640 obvie
1149 2579 1263 2639 mestis.

511 2681 596 2740 Rosit
612 2694 642 2740 at
655 2679 706 2738 ille
721 2663 828 2738 merrus
842 2679 992 2754 proprias,
1007 2679 1078 2754 quis
1093 2693 1194 2736 mente
1208 2695 1350 2738 vesanus.

510 2779 609 2848 Quem
624 2778 680 2838 fuit
695 2779 784 2838 affata
800 2779 843 2839 sic
857 2781 980 2839 tandem
994 2779 1088 2855 Virgo
1104 2781 1194 2838 besta
1209 2796 1216 2835 ι

512 2899 527 2930 «
541 2877 590 2934 Tu
605 2875 666 2934 cito
682 2895 774 2935 senus
788 2877 858 2949 eris,
874 2879 987 2937 furtum
998 2877 1024 2936 si
1038 2879 1163 2936 reddere
1179 2875 1291 2952 queris.
1309 2898 1323 2929 ι

513 2971 668 3032 Fratribus
683 2973 742 3032 hoc
753 2974 843 3032 solvit
852 2973 983 3050 Templi,
999 2975 1194 3049 moriensque
1210 2973 1340 3032 revolvit

508 3068 596 3127 Telis
611 3088 619 3128 ε
635 3093 648 3124 r
663 3072 744 3130 Dum
758 3072 851 3149 spiro,
867 3085 987 3132 current
1006 3071 1214 3131 iretsturbine
1227 3070 1317 3142 miro,

511 3167 545 3224 ln
560 3185 668 3244 meque
687 3170 777 3244 jecto,
790 3170 929 3228 mitescet
943 3187 980 3228 eo
993 3187 1075 3228 mere
1088 3181 1192 3244 pecto.
1211 3190 1226 3221 ι

511 3265 611 3339 Hunc,
622 3277 656 3324 ut
671 3267 810 3339 decessit,
825 3268 949 3342 jaciunt,
964 3267 1118 3344 pestisque
1133 3265 1269 3324 recessit.

511 3361 717 3420 Brundusium
732 3363 785 3421 leti
799 3365 941 3438 veniunt;
957 3365 1075 3424 rediere
1090 3364 1184 3440 quieti

510 3459 587 3516 Cum
606 3459 714 3534 Cruce,
729 3479 784 3536 que
800 3461 879 3520 bellu
890 3463 985 3536 sedet,
1000 3461 1057 3520 hac
1070 3475 1212 3520 contenta
1225 3459 1352 3522 tabells.
1369 3481 1382 3513 r

475 3585 507 3652 ›1‹
537 3583 628 3642 Fects
652 3597 698 3642 est
723 3585 778 3642 hec
808 3585 912 3644 rabula
937 3603 1018 3644 anuo
1044 3588 1083 3644 ab
1108 3584 1324 3644 Incaruseioue
1348 3580 1472 3642 Domini

441 3679 628 3754 mccxntt,
644 3682 910 3759 menset'ebrusrij.
927 3707 940 3738 ι

480 3829 507 3894 11
526 3830 620 3916 s’rgit
634 3833 721 3898 douc
736 3833 815 3898 d'un
828 3839 933 3919 pretre
949 3833 1007 3917 qui
1029 3833 1136 3898 evole
1158 3851 1223 3897 uue
1242 3831 1369 3914 relique
1385 3831 1427 3894 de
1442 3829 1473 3892 la

437 3935 525 4001 vreie
541 3938 645 4003 Croix
658 3955 689 4004 et
711 3941 786 4004 s’est
807 3942 985 4024 emberque
1009 3961 1087 4005 avec
1101 3959 1164 4004 son
1178 3938 1293 4003 larcin.
1310 3939 1358 4002 Le
1380 3953 1472 4022 peste

438 4061 473 4105 se
485 4043 611 4109 declare
627 4047 645 4109 d
659 4047 741 4112 bord
756 4063 788 4110 et
803 4047 826 4111 il
842 4067 883 4112 en
895 4064 944 4112 est
958 4045 1074 4112 etteint
1087 4059 1287 4131 grevement.
1304 4043 1351 4108 Le
1366 4041 1473 4108 seinte

438 4147 555 4234 Vierge
571 4151 619 4216 lui
639 4156 786 4237 apperuit
812 4169 843 4220 et
867 4153 915 4218 lui
933 4169 1061 4239 promet
1082 4155 1123 4218 de
1144 4153 1174 4216 le
1188 4150 1299 4236 guerir
1314 4148 1366 4213 s'il
1390 4148 1472 4212 rend

438 4253 653 4338 1’0bjetv01e.
677 4259 705 4324 11
729 4281 763 4324 se
787 4277 939 4326 contente
963 4261 1036 4324 d'en
1059 4279 1169 4324 verser
1193 4258 1224 4322 le
1254 4255 1326 4342 prix
1338 4253 1380 4338 (i)
1407 4273 1470 4317 eux

438 4360 636 4448 Templiers‚
660 4381 692 4431 et
714 4366 840 4432 bientdt
854 4367 1002 4452 egonise.
1029 4368 1083 4434 Eu
1106 4377 1261 4432 mutirent
1278 4361 1303 4426 il
1317 4361 1470 4426 ordonne
