<?xml version="1.0" encoding="UTF-8"?>
<!DOCTYPE html PUBLIC "-//W3C//DTD XHTML 1.0 Transitional//EN"
    "http://www.w3.org/TR/xhtml1/DTD/xhtml1-transitional.dtd">
<html xmlns="http://www.w3.org/1999/xhtml" xml:lang="en" lang="en">
 <head>
  <title>
</title>
<meta http-equiv="Content-Type" content="text/html;charset=utf-8" />
  <meta name='ocr-system' content='tesseract 3.04.00' />
  <meta name='ocr-capabilities' content='ocr_page ocr_carea ocr_par ocr_line ocrx_word'/>
</head>
<body>
  <div class='ocr_page' id='page_1' title='image "./exuvisacrconsta00mlgoog_0171.png"; bbox 0 0 3130 5514; ppageno 0'>
   <div class='ocr_carea' id='block_1_1' title="bbox 1067 599 1130 690">
    <p class='ocr_par' dir='ltr' id='par_1_1' title="bbox 1067 599 1130 690">
     <span class='ocr_line' id='line_1_1' title="bbox 1067 599 1130 690; baseline 0 -23"><span class='ocrx_word' id='word_1_1' title='bbox 1067 599 1130 690; x_wconf 85' lang='lat'><strong>157</strong></span> 
     </span>
    </p>
   </div>
   <div class='ocr_carea' id='block_1_2' title="bbox 96 719 1132 754">
    <p class='ocr_par' dir='ltr' id='par_1_2' title="bbox 96 719 1132 754">
     <span class='ocr_line' id='line_1_2' title="bbox 96 719 1132 754; baseline 0 -18"><span class='ocrx_word' id='word_1_2' title='bbox 96 719 1132 754; x_wconf 69' lang='grc'>--..-.......,,-,,,-,-,-,-,</span> 
     </span>
    </p>
   </div>
   <div class='ocr_carea' id='block_1_3' title="bbox 587 947 636 1002">
    <p class='ocr_par' dir='ltr' id='par_1_3' title="bbox 587 947 636 1002">
     <span class='ocr_line' id='line_1_3' title="bbox 587 947 636 1002; baseline 0.041 -16"><span class='ocrx_word' id='word_1_3' title='bbox 587 947 636 1002; x_wconf 90' lang='grc'><strong>41.</strong></span> 
     </span>
    </p>
   </div>
   <div class='ocr_carea' id='block_1_4' title="bbox 95 1073 1128 1250">
    <p class='ocr_par' dir='ltr' id='par_1_4' title="bbox 95 1073 1128 1250">
     <span class='ocr_line' id='line_1_4' title="bbox 127 1073 1128 1162; baseline 0.016 -31"><span class='ocrx_word' id='word_1_4' title='bbox 127 1073 254 1135; x_wconf 77' lang='lat' dir='ltr'><strong>Titulus</strong></span> <span class='ocrx_word' id='word_1_5' title='bbox 277 1077 366 1137; x_wconf 84' lang='lat' dir='ltr'><strong>Cerei</strong></span> <span class='ocrx_word' id='word_1_6' title='bbox 382 1079 539 1138; x_wconf 85' lang='lat' dir='ltr'><strong>Paschalis</strong></span> <span class='ocrx_word' id='word_1_7' title='bbox 561 1080 694 1156; x_wconf 72' lang='lat' dir='ltr'><strong>Capellae</strong></span> <span class='ocrx_word' id='word_1_8' title='bbox 713 1082 803 1158; x_wconf 87' lang='lat' dir='ltr'><strong>Regis</strong></span> <span class='ocrx_word' id='word_1_9' title='bbox 825 1083 924 1144; x_wconf 87' lang='lat' dir='ltr'><strong>Paris.</strong></span> <span class='ocrx_word' id='word_1_10' title='bbox 943 1085 1073 1162; x_wconf 85' lang='lat' dir='ltr'><strong>scriptus</strong></span> <span class='ocrx_word' id='word_1_11' title='bbox 1096 1087 1128 1146; x_wconf 88' lang='lat' dir='ltr'><strong>in</strong></span> 
     </span>
     <span class='ocr_line' id='line_1_5' title="bbox 95 1172 676 1250; baseline 0.017 -22"><span class='ocrx_word' id='word_1_12' title='bbox 95 1172 225 1250; x_wconf 75' lang='lat' dir='ltr'><strong>Pascha,</strong></span> <span class='ocrx_word' id='word_1_13' title='bbox 241 1194 319 1236; x_wconf 81' lang='lat' dir='ltr'><strong>anno</strong></span> <span class='ocrx_word' id='word_1_14' title='bbox 330 1179 421 1236; x_wconf 88' lang='lat' dir='ltr'><strong>Dom.</strong></span> <span class='ocrx_word' id='word_1_15' title='bbox 437 1178 676 1238; x_wconf 84' lang='lat' dir='ltr'><strong>MCCCXXVII.</strong></span> 
     </span>
    </p>
   </div>
   <div class='ocr_carea' id='block_1_5' title="bbox 93 1325 1130 2590">
    <p class='ocr_par' dir='ltr' id='par_1_5' title="bbox 93 1325 1130 2590">
     <span class='ocr_line' id='line_1_6' title="bbox 125 1325 1129 1405; baseline 0.011 -21"><span class='ocrx_word' id='word_1_16' title='bbox 125 1325 239 1385; x_wconf 77' lang='lat' dir='ltr'><strong>Annus</strong></span> <span class='ocrx_word' id='word_1_17' title='bbox 252 1329 288 1387; x_wconf 86' lang='lat' dir='ltr'><strong>sb</strong></span> <span class='ocrx_word' id='word_1_18' title='bbox 302 1329 420 1405; x_wconf 90' lang='lat' dir='ltr'><strong>origine</strong></span> <span class='ocrx_word' id='word_1_19' title='bbox 435 1329 542 1388; x_wconf 88' lang='lat' dir='ltr'><strong>mundi</strong></span> <span class='ocrx_word' id='word_1_20' title='bbox 552 1371 1000 1398; x_wconf 90' lang='grc'><strong>..........................</strong></span> <span class='ocrx_word' id='word_1_21' title='bbox 1053 1337 1129 1396; x_wconf 80' lang='lat'><strong>6526</strong></span> 
     </span>
     <span class='ocr_line' id='line_1_7' title="bbox 125 1425 1129 1512; baseline 0.012 -29"><span class='ocrx_word' id='word_1_22' title='bbox 125 1425 238 1484; x_wconf 80' lang='lat' dir='ltr'><strong>Annus</strong></span> <span class='ocrx_word' id='word_1_23' title='bbox 251 1429 289 1486; x_wconf 87' lang='lat' dir='ltr'><strong>ab</strong></span> <span class='ocrx_word' id='word_1_24' title='bbox 304 1427 454 1487; x_wconf 78' lang='lat' dir='ltr'><strong>incarnat.</strong></span> <span class='ocrx_word' id='word_1_25' title='bbox 467 1427 592 1487; x_wconf 88' lang='lat' dir='ltr'><strong>Domini</strong></span> <span class='ocrx_word' id='word_1_26' title='bbox 606 1471 1001 1498; x_wconf 90' lang='grc'><strong>.......................</strong></span> <span class='ocrx_word' id='word_1_27' title='bbox 1057 1435 1129 1512; x_wconf 81' lang='lat'><em>¹³²7</em></span> 
     </span>
     <span class='ocr_line' id='line_1_8' title="bbox 125 1523 1130 1610; baseline 0.012 -29"><span class='ocrx_word' id='word_1_28' title='bbox 125 1523 236 1583; x_wconf 78' lang='lat' dir='ltr'><strong>Annus</strong></span> <span class='ocrx_word' id='word_1_29' title='bbox 249 1543 267 1584; x_wconf 91' lang='lat' dir='ltr'><strong>a</strong></span> <span class='ocrx_word' id='word_1_30' title='bbox 283 1527 432 1584; x_wconf 87' lang='lat' dir='ltr'><strong>Passione</strong></span> <span class='ocrx_word' id='word_1_31' title='bbox 445 1525 568 1584; x_wconf 87' lang='lat' dir='ltr'><strong>Domini</strong></span> <span class='ocrx_word' id='word_1_32' title='bbox 574 1571 1000 1594; x_wconf 90' lang='grc'><strong>........................</strong></span> <span class='ocrx_word' id='word_1_33' title='bbox 1056 1551 1130 1610; x_wconf 85' lang='lat'>1²94</span> 
     </span>
     <span class='ocr_line' id='line_1_9' title="bbox 124 1623 1129 1694; baseline 0.011 -14"><span class='ocrx_word' id='word_1_34' title='bbox 124 1623 237 1682; x_wconf 76' lang='lat' dir='ltr'><strong>Annus</strong></span> <span class='ocrx_word' id='word_1_35' title='bbox 249 1623 428 1683; x_wconf 88' lang='lat' dir='ltr'><strong>indictionis</strong></span> <span class='ocrx_word' id='word_1_36' title='bbox 434 1666 1002 1694; x_wconf 89' lang='grc'><strong>.................................</strong></span> <span class='ocrx_word' id='word_1_37' title='bbox 1095 1649 1129 1691; x_wconf 84' lang='grc' dir='ltr'><strong>ιο</strong></span> 
     </span>
     <span class='ocr_line' id='line_1_10' title="bbox 125 1720 1127 1789; baseline 0.007 -10"><span class='ocrx_word' id='word_1_38' title='bbox 125 1720 238 1780; x_wconf 78' lang='lat' dir='ltr'><strong>Annus</strong></span> <span class='ocrx_word' id='word_1_39' title='bbox 252 1723 373 1782; x_wconf 83' lang='lat' dir='ltr'><strong>Bissext</strong></span> <span class='ocrx_word' id='word_1_40' title='bbox 378 1764 1000 1789; x_wconf 86' lang='grc'><strong>....................................</strong></span> <span class='ocrx_word' id='word_1_41' title='bbox 1111 1728 1127 1786; x_wconf 82' lang='lat'>3</span> 
     </span>
     <span class='ocr_line' id='line_1_11' title="bbox 124 1819 1128 1900; baseline 0.009 -23"><span class='ocrx_word' id='word_1_42' title='bbox 124 1819 237 1880; x_wconf 80' lang='lat' dir='ltr'><strong>Annus</strong></span> <span class='ocrx_word' id='word_1_43' title='bbox 251 1823 454 1900; x_wconf 89' lang='lat' dir='ltr'><strong>susceptionis</strong></span> <span class='ocrx_word' id='word_1_44' title='bbox 469 1823 589 1882; x_wconf 71' lang='lat' dir='ltr'><strong>Sancte</strong></span> <span class='ocrx_word' id='word_1_45' title='bbox 604 1825 735 1884; x_wconf 78' lang='lat' dir='ltr'><strong>Coronae</strong></span> <span class='ocrx_word' id='word_1_46' title='bbox 748 1825 862 1900; x_wconf 80' lang='lat' dir='ltr'><strong>spineae</strong></span> <span class='ocrx_word' id='word_1_47' title='bbox 869 1867 998 1890; x_wconf 81' lang='grc'><strong><em>........</em></strong></span> <span class='ocrx_word' id='word_1_48' title='bbox 1091 1828 1128 1886; x_wconf 91' lang='grc'><strong>88</strong></span> 
     </span>
     <span class='ocr_line' id='line_1_12' title="bbox 125 1919 1128 1999; baseline 0.01 -23"><span class='ocrx_word' id='word_1_49' title='bbox 125 1919 237 1980; x_wconf 78' lang='lat' dir='ltr'><strong>Annus</strong></span> <span class='ocrx_word' id='word_1_50' title='bbox 251 1922 455 1999; x_wconf 85' lang='lat' dir='ltr'><strong>susceptionis</strong></span> <span class='ocrx_word' id='word_1_51' title='bbox 471 1923 589 1981; x_wconf 87' lang='lat' dir='ltr'><strong>Sanctae</strong></span> <span class='ocrx_word' id='word_1_52' title='bbox 603 1923 721 1996; x_wconf 86' lang='lat' dir='ltr'><strong>Crucis,</strong></span> <span class='ocrx_word' id='word_1_53' title='bbox 738 1923 901 1998; x_wconf 80' lang='lat' dir='ltr'><strong>Sanguinis</strong></span> <span class='ocrx_word' id='word_1_54' title='bbox 919 1924 1052 1998; x_wconf 85' lang='lat' dir='ltr'><strong>Domini,</strong></span> <span class='ocrx_word' id='word_1_55' title='bbox 1069 1925 1128 1986; x_wconf 91' lang='lat' dir='ltr'><strong>Ca-</strong></span> 
     </span>
     <span class='ocr_line' id='line_1_13' title="bbox 94 2021 1128 2097; baseline 0.014 -27"><span class='ocrx_word' id='word_1_56' title='bbox 94 2025 171 2074; x_wconf 85' lang='lat' dir='ltr'><strong>tenae</strong></span> <span class='ocrx_word' id='word_1_57' title='bbox 200 2037 270 2078; x_wconf 89' lang='lat' dir='ltr'><strong>cum</strong></span> <span class='ocrx_word' id='word_1_58' title='bbox 296 2039 406 2097; x_wconf 86' lang='lat' dir='ltr'><strong>magna</strong></span> <span class='ocrx_word' id='word_1_59' title='bbox 423 2033 509 2096; x_wconf 90' lang='lat' dir='ltr'><strong>parte</strong></span> <span class='ocrx_word' id='word_1_60' title='bbox 529 2021 688 2096; x_wconf 86' lang='lat' dir='ltr'><strong>Sepulchri</strong></span> <span class='ocrx_word' id='word_1_61' title='bbox 708 2034 738 2080; x_wconf 91' lang='lat' dir='ltr'><strong>et</strong></span> <span class='ocrx_word' id='word_1_62' title='bbox 753 2022 1012 2081; x_wconf 84' lang='lat' dir='ltr'><strong>vestimentorum</strong></span> <span class='ocrx_word' id='word_1_63' title='bbox 1031 2023 1128 2084; x_wconf 75' lang='lat' dir='ltr'><strong>infan-</strong></span> 
     </span>
     <span class='ocr_line' id='line_1_14' title="bbox 94 2111 1128 2198; baseline 0.014 -29"><span class='ocrx_word' id='word_1_64' title='bbox 94 2111 155 2186; x_wconf 78' lang='lat' dir='ltr'><strong>rie,</strong></span> <span class='ocrx_word' id='word_1_65' title='bbox 165 2130 196 2176; x_wconf 88' lang='lat' dir='ltr'><strong>et</strong></span> <span class='ocrx_word' id='word_1_66' title='bbox 212 2121 344 2194; x_wconf 87' lang='lat' dir='ltr'><strong>quadarn</strong></span> <span class='ocrx_word' id='word_1_67' title='bbox 356 2119 475 2178; x_wconf 89' lang='lat' dir='ltr'><strong>Tabula</strong></span> <span class='ocrx_word' id='word_1_68' title='bbox 492 2136 582 2193; x_wconf 88' lang='lat' dir='ltr'><strong>quam</strong></span> <span class='ocrx_word' id='word_1_69' title='bbox 596 2117 693 2194; x_wconf 87' lang='lat' dir='ltr'><strong>tetigit</strong></span> <span class='ocrx_word' id='word_1_70' title='bbox 707 2118 799 2176; x_wconf 88' lang='lat' dir='ltr'><strong>facies</strong></span> <span class='ocrx_word' id='word_1_71' title='bbox 815 2119 940 2191; x_wconf 89' lang='lat' dir='ltr'><strong>Christi,</strong></span> <span class='ocrx_word' id='word_1_72' title='bbox 954 2134 983 2179; x_wconf 89' lang='lat' dir='ltr'><strong>et</strong></span> <span class='ocrx_word' id='word_1_73' title='bbox 995 2125 1128 2198; x_wconf 88' lang='lat' dir='ltr'><strong>quodam</strong></span> 
     </span>
     <span class='ocr_line' id='line_1_15' title="bbox 93 2208 1127 2302; baseline 0.015 -35"><span class='ocrx_word' id='word_1_74' title='bbox 93 2208 190 2272; x_wconf 78' lang='lat' dir='ltr'><strong>frusto</strong></span> <span class='ocrx_word' id='word_1_75' title='bbox 205 2217 278 2292; x_wconf 90' lang='lat' dir='ltr'><strong>ligni</strong></span> <span class='ocrx_word' id='word_1_76' title='bbox 298 2233 411 2278; x_wconf 80' lang='lat' dir='ltr'><strong>sanctae</strong></span> <span class='ocrx_word' id='word_1_77' title='bbox 426 2219 544 2293; x_wconf 84' lang='lat' dir='ltr'><strong>Crucis,</strong></span> <span class='ocrx_word' id='word_1_78' title='bbox 560 2232 589 2277; x_wconf 87' lang='lat' dir='ltr'><strong>et</strong></span> <span class='ocrx_word' id='word_1_79' title='bbox 605 2219 767 2294; x_wconf 82' lang='lat' dir='ltr'><strong>Sanguinis</strong></span> <span class='ocrx_word' id='word_1_80' title='bbox 782 2220 834 2296; x_wconf 89' lang='lat' dir='ltr'><strong>qui</strong></span> <span class='ocrx_word' id='word_1_81' title='bbox 849 2219 934 2280; x_wconf 84' lang='lat' dir='ltr'><strong>fluxit</strong></span> <span class='ocrx_word' id='word_1_82' title='bbox 948 2223 984 2280; x_wconf 88' lang='lat' dir='ltr'><strong>de</strong></span> <span class='ocrx_word' id='word_1_83' title='bbox 997 2223 1127 2302; x_wconf 78' lang='lat' dir='ltr'><strong>imagine</strong></span> 
     </span>
     <span class='ocr_line' id='line_1_16' title="bbox 95 2307 1128 2396; baseline 0.015 -32"><span class='ocrx_word' id='word_1_84' title='bbox 95 2307 209 2371; x_wconf 84' lang='lat' dir='ltr'><strong>Christi</strong></span> <span class='ocrx_word' id='word_1_85' title='bbox 220 2333 375 2391; x_wconf 88' lang='lat' dir='ltr'><strong>percussa,</strong></span> <span class='ocrx_word' id='word_1_86' title='bbox 385 2331 413 2376; x_wconf 91' lang='lat' dir='ltr'><strong>et</strong></span> <span class='ocrx_word' id='word_1_87' title='bbox 424 2336 493 2376; x_wconf 90' lang='lat' dir='ltr'><strong>cum</strong></span> <span class='ocrx_word' id='word_1_88' title='bbox 502 2320 592 2376; x_wconf 90' lang='lat' dir='ltr'><strong>Lacte</strong></span> <span class='ocrx_word' id='word_1_89' title='bbox 605 2319 639 2376; x_wconf 88' lang='grc' dir='ltr'><strong>Β.</strong></span> <span class='ocrx_word' id='word_1_90' title='bbox 651 2317 765 2376; x_wconf 85' lang='lat' dir='ltr'><strong>Mariae</strong></span> <span class='ocrx_word' id='word_1_91' title='bbox 777 2317 911 2393; x_wconf 87' lang='lat' dir='ltr'><strong>Virginis</strong></span> <span class='ocrx_word' id='word_1_92' title='bbox 921 2334 950 2378; x_wconf 92' lang='lat' dir='ltr'><strong>et</strong></span> <span class='ocrx_word' id='word_1_93' title='bbox 963 2321 1128 2396; x_wconf 91' lang='lat' dir='ltr'><strong>superioris</strong></span> 
     </span>
     <span class='ocr_line' id='line_1_17' title="bbox 93 2413 1129 2490; baseline 0.011 -24"><span class='ocrx_word' id='word_1_94' title='bbox 93 2422 177 2482; x_wconf 88' lang='lat' dir='ltr'><strong>parte</strong></span> <span class='ocrx_word' id='word_1_95' title='bbox 195 2413 303 2486; x_wconf 90' lang='lat' dir='ltr'><strong>capitis</strong></span> <span class='ocrx_word' id='word_1_96' title='bbox 322 2414 355 2470; x_wconf 90' lang='lat' dir='ltr'><strong>B.</strong></span> <span class='ocrx_word' id='word_1_97' title='bbox 369 2415 497 2473; x_wconf 86' lang='lat' dir='ltr'><strong>loannis</strong></span> <span class='ocrx_word' id='word_1_98' title='bbox 517 2415 670 2490; x_wconf 85' lang='lat' dir='ltr'><strong>Baptistae,</strong></span> <span class='ocrx_word' id='word_1_99' title='bbox 687 2431 756 2472; x_wconf 90' lang='lat' dir='ltr'><strong>cum</strong></span> <span class='ocrx_word' id='word_1_100' title='bbox 774 2415 924 2490; x_wconf 85' lang='lat' dir='ltr'><strong>capitibus</strong></span> <span class='ocrx_word' id='word_1_101' title='bbox 943 2419 973 2476; x_wconf 90' lang='lat' dir='ltr'><strong>S.</strong></span> <span class='ocrx_word' id='word_1_102' title='bbox 988 2419 1129 2476; x_wconf 89' lang='lat' dir='ltr'><strong>Clemen-</strong></span> 
     </span>
     <span class='ocr_line' id='line_1_18' title="bbox 94 2505 1129 2590; baseline 0.012 -24"><span class='ocrx_word' id='word_1_103' title='bbox 94 2505 144 2578; x_wconf 79' lang='lat' dir='ltr'><strong>tis,</strong></span> <span class='ocrx_word' id='word_1_104' title='bbox 160 2509 192 2566; x_wconf 92' lang='lat' dir='ltr'><strong>S.</strong></span> <span class='ocrx_word' id='word_1_105' title='bbox 210 2511 304 2569; x_wconf 84' lang='lat' dir='ltr'><strong>Blasii</strong></span> <span class='ocrx_word' id='word_1_106' title='bbox 318 2525 349 2571; x_wconf 88' lang='lat' dir='ltr'><strong>et</strong></span> <span class='ocrx_word' id='word_1_107' title='bbox 363 2512 394 2570; x_wconf 91' lang='lat' dir='ltr'><strong>S.</strong></span> <span class='ocrx_word' id='word_1_108' title='bbox 412 2513 564 2571; x_wconf 87' lang='lat' dir='ltr'><strong>Simeonis</strong></span> <span class='ocrx_word' id='word_1_109' title='bbox 571 2555 1002 2578; x_wconf 84' lang='lat'>..........................</span> <span class='ocrx_word' id='word_1_110' title='bbox 1091 2515 1129 2590; x_wconf 90' lang='lat'><strong>87</strong></span> 
     </span>
    </p>
   </div>
   <div class='ocr_carea' id='block_1_6' title="bbox 95 2610 1129 2790">
    <p class='ocr_par' dir='ltr' id='par_1_6' title="bbox 95 2610 1129 2790">
     <span class='ocr_line' id='line_1_19' title="bbox 126 2610 1129 2689; baseline 0.002 -19"><span class='ocrx_word' id='word_1_111' title='bbox 126 2610 235 2672; x_wconf 79' lang='lat' dir='ltr'><strong>Annus</strong></span> <span class='ocrx_word' id='word_1_112' title='bbox 261 2615 467 2689; x_wconf 89' lang='lat' dir='ltr'><strong>susceptionis</strong></span> <span class='ocrx_word' id='word_1_113' title='bbox 493 2613 680 2674; x_wconf 86' lang='lat' dir='ltr'><strong>sacrosancti</strong></span> <span class='ocrx_word' id='word_1_114' title='bbox 709 2614 793 2672; x_wconf 87' lang='lat' dir='ltr'><strong>Ferri</strong></span> <span class='ocrx_word' id='word_1_115' title='bbox 828 2628 857 2672; x_wconf 88' lang='lat' dir='ltr'><strong>et</strong></span> <span class='ocrx_word' id='word_1_116' title='bbox 886 2615 1026 2686; x_wconf 73' lang='lat' dir='ltr'><strong>Lancea,</strong></span> <span class='ocrx_word' id='word_1_117' title='bbox 1059 2633 1129 2672; x_wconf 88' lang='lat' dir='ltr'><strong>curn</strong></span> 
     </span>
     <span class='ocr_line' id='line_1_20' title="bbox 95 2703 1129 2790; baseline 0.008 -25"><span class='ocrx_word' id='word_1_118' title='bbox 95 2703 185 2770; x_wconf 87' lang='lat' dir='ltr'><strong>Veste</strong></span> <span class='ocrx_word' id='word_1_119' title='bbox 195 2730 349 2788; x_wconf 88' lang='lat' dir='ltr'><strong>purpurea</strong></span> <span class='ocrx_word' id='word_1_120' title='bbox 359 2726 389 2772; x_wconf 94' lang='lat' dir='ltr'><strong>et</strong></span> <span class='ocrx_word' id='word_1_121' title='bbox 398 2713 555 2772; x_wconf 77' lang='lat' dir='ltr'><strong>Arundine</strong></span> <span class='ocrx_word' id='word_1_122' title='bbox 564 2727 593 2772; x_wconf 94' lang='lat' dir='ltr'><strong>et</strong></span> <span class='ocrx_word' id='word_1_123' title='bbox 602 2713 736 2790; x_wconf 88' lang='lat' dir='ltr'><strong>Spongia</strong></span> <span class='ocrx_word' id='word_1_124' title='bbox 748 2712 882 2785; x_wconf 89' lang='lat' dir='ltr'><strong>Domini,</strong></span> <span class='ocrx_word' id='word_1_125' title='bbox 894 2725 923 2771; x_wconf 90' lang='lat' dir='ltr'><strong>et</strong></span> <span class='ocrx_word' id='word_1_126' title='bbox 938 2731 1007 2772; x_wconf 89' lang='lat' dir='ltr'><strong>cum</strong></span> <span class='ocrx_word' id='word_1_127' title='bbox 1021 2713 1129 2773; x_wconf 89' lang='lat' dir='ltr'><strong>Linteo</strong></span> 
     </span>
    </p>
   </div>
   <div class='ocr_carea' id='block_1_7' title="bbox 96 2811 1130 3672">
    <p class='ocr_par' dir='ltr' id='par_1_7' title="bbox 96 2811 1130 2986">
     <span class='ocr_line' id='line_1_21' title="bbox 96 2811 1130 2888; baseline 0.007 -24"><span class='ocrx_word' id='word_1_128' title='bbox 96 2823 156 2880; x_wconf 90' lang='lat' dir='ltr'><strong>quo</strong></span> <span class='ocrx_word' id='word_1_129' title='bbox 176 2811 233 2870; x_wconf 82' lang='lat' dir='ltr'><strong>fuir</strong></span> <span class='ocrx_word' id='word_1_130' title='bbox 256 2811 441 2887; x_wconf 68' lang='lat' dir='ltr'><strong>precinctus</strong></span> <span class='ocrx_word' id='word_1_131' title='bbox 460 2811 492 2870; x_wconf 93' lang='lat' dir='ltr'><strong>in</strong></span> <span class='ocrx_word' id='word_1_132' title='bbox 513 2813 622 2886; x_wconf 88' lang='lat' dir='ltr'><strong>Coena,</strong></span> <span class='ocrx_word' id='word_1_133' title='bbox 633 2825 662 2872; x_wconf 88' lang='lat' dir='ltr'><strong>et</strong></span> <span class='ocrx_word' id='word_1_134' title='bbox 681 2829 750 2870; x_wconf 91' lang='lat' dir='ltr'><strong>curn</strong></span> <span class='ocrx_word' id='word_1_135' title='bbox 775 2811 870 2888; x_wconf 86' lang='lat' dir='ltr'><strong>Peplo</strong></span> <span class='ocrx_word' id='word_1_136' title='bbox 887 2813 921 2869; x_wconf 89' lang='grc' dir='ltr'><strong>Β.</strong></span> <span class='ocrx_word' id='word_1_137' title='bbox 942 2811 1076 2888; x_wconf 88' lang='lat' dir='ltr'><strong>Virginis</strong></span> <span class='ocrx_word' id='word_1_138' title='bbox 1100 2829 1130 2888; x_wconf 67' lang='lat' dir='ltr'><strong>et</strong></span> 
     </span>
     <span class='ocr_line' id='line_1_22' title="bbox 96 2903 1002 2986; baseline 0 -18"><span class='ocrx_word' id='word_1_139' title='bbox 96 2903 187 2984; x_wconf 78' lang='lat' dir='ltr'><strong>Virga</strong></span> <span class='ocrx_word' id='word_1_140' title='bbox 200 2909 301 2986; x_wconf 82' lang='lat' dir='ltr'><strong>Moysi</strong></span> <span class='ocrx_word' id='word_1_141' title='bbox 305 2953 1002 2972; x_wconf 89' lang='grc'><strong>........................................</strong></span> 
     </span>
    </p>

    <p class='ocr_par' dir='ltr' id='par_1_8' title="bbox 128 3006 1004 3083">
     <span class='ocr_line' id='line_1_23' title="bbox 128 3006 1004 3083; baseline 0 -17"><span class='ocrx_word' id='word_1_142' title='bbox 128 3006 235 3066; x_wconf 77' lang='lat' dir='ltr'><strong>Annus</strong></span> <span class='ocrx_word' id='word_1_143' title='bbox 250 3007 454 3066; x_wconf 88' lang='lat' dir='ltr'><strong>dedicationis</strong></span> <span class='ocrx_word' id='word_1_144' title='bbox 482 3007 616 3083; x_wconf 77' lang='lat' dir='ltr'><strong>Capellae</strong></span> <span class='ocrx_word' id='word_1_145' title='bbox 631 3049 1004 3070; x_wconf 88' lang='grc'><strong>......................</strong></span> 
     </span>
    </p>

    <p class='ocr_par' dir='ltr' id='par_1_9' title="bbox 129 3104 1003 3166">
     <span class='ocr_line' id='line_1_24' title="bbox 129 3104 1003 3166; baseline 0 -3"><span class='ocrx_word' id='word_1_146' title='bbox 129 3104 235 3164; x_wconf 73' lang='lat' dir='ltr'><strong>Anum</strong></span> <span class='ocrx_word' id='word_1_147' title='bbox 252 3105 401 3164; x_wconf 87' lang='lat' dir='ltr'><strong>transitus</strong></span> <span class='ocrx_word' id='word_1_148' title='bbox 416 3105 447 3164; x_wconf 90' lang='lat' dir='ltr'><strong>S.</strong></span> <span class='ocrx_word' id='word_1_149' title='bbox 465 3104 627 3164; x_wconf 84' lang='lat' dir='ltr'><strong>Ludovici.</strong></span> <span class='ocrx_word' id='word_1_150' title='bbox 643 3147 1003 3166; x_wconf 90' lang='grc'><strong>.....................</strong></span> 
     </span>
    </p>

    <p class='ocr_par' dir='ltr' id='par_1_10' title="bbox 129 3200 997 3276">
     <span class='ocr_line' id='line_1_25' title="bbox 129 3200 997 3276; baseline 0.002 -17"><span class='ocrx_word' id='word_1_151' title='bbox 129 3200 237 3262; x_wconf 80' lang='lat' dir='ltr'><strong>Annus</strong></span> <span class='ocrx_word' id='word_1_152' title='bbox 252 3201 495 3260; x_wconf 85' lang='lat' dir='ltr'><strong>canonisationis</strong></span> <span class='ocrx_word' id='word_1_153' title='bbox 514 3203 649 3276; x_wconf 88' lang='lat' dir='ltr'><strong>ejusdem</strong></span> <span class='ocrx_word' id='word_1_154' title='bbox 656 3243 997 3264; x_wconf 85' lang='grc'><strong>.....................</strong></span> 
     </span>
    </p>

    <p class='ocr_par' dir='ltr' id='par_1_11' title="bbox 131 3299 1000 3376">
     <span class='ocr_line' id='line_1_26' title="bbox 131 3299 1000 3376; baseline 0.001 -19"><span class='ocrx_word' id='word_1_155' title='bbox 131 3299 237 3360; x_wconf 74' lang='lat' dir='ltr'><strong>Annam</strong></span> <span class='ocrx_word' id='word_1_156' title='bbox 251 3299 461 3359; x_wconf 89' lang='lat' dir='ltr'><strong>translationis</strong></span> <span class='ocrx_word' id='word_1_157' title='bbox 483 3299 600 3376; x_wconf 87' lang='lat' dir='ltr'><strong>Capitis</strong></span> <span class='ocrx_word' id='word_1_158' title='bbox 623 3301 758 3375; x_wconf 88' lang='lat' dir='ltr'><strong>ejusdem</strong></span> <span class='ocrx_word' id='word_1_159' title='bbox 764 3343 1000 3362; x_wconf 86' lang='grc'><strong>..............</strong></span> 
     </span>
    </p>

    <p class='ocr_par' dir='ltr' id='par_1_12' title="bbox 130 3397 1003 3472">
     <span class='ocr_line' id='line_1_27' title="bbox 130 3397 1003 3472; baseline 0 -16"><span class='ocrx_word' id='word_1_160' title='bbox 130 3398 237 3458; x_wconf 83' lang='lat' dir='ltr'><strong>Annus</strong></span> <span class='ocrx_word' id='word_1_161' title='bbox 252 3398 351 3458; x_wconf 77' lang='lat' dir='ltr'><strong>aetatis</strong></span> <span class='ocrx_word' id='word_1_162' title='bbox 363 3397 466 3456; x_wconf 90' lang='lat' dir='ltr'><strong>Caroli</strong></span> <span class='ocrx_word' id='word_1_163' title='bbox 481 3397 571 3472; x_wconf 86' lang='lat' dir='ltr'><strong>Regis</strong></span> <span class='ocrx_word' id='word_1_164' title='bbox 585 3397 743 3472; x_wconf 83' lang='lat' dir='ltr'><strong>praesentis</strong></span> <span class='ocrx_word' id='word_1_165' title='bbox 750 3441 1003 3460; x_wconf 89' lang='grc'><strong>...............</strong></span> 
     </span>
    </p>

    <p class='ocr_par' dir='ltr' id='par_1_13' title="bbox 131 3495 1005 3573">
     <span class='ocr_line' id='line_1_28' title="bbox 131 3495 1005 3573; baseline 0 -17"><span class='ocrx_word' id='word_1_166' title='bbox 131 3495 237 3557; x_wconf 72' lang='lat' dir='ltr'><strong>Anum</strong></span> <span class='ocrx_word' id='word_1_167' title='bbox 250 3496 338 3573; x_wconf 87' lang='lat' dir='ltr'><strong>regni</strong></span> <span class='ocrx_word' id='word_1_168' title='bbox 352 3496 489 3572; x_wconf 84' lang='lat' dir='ltr'><strong>ejusdcm</strong></span> <span class='ocrx_word' id='word_1_169' title='bbox 494 3538 1005 3562; x_wconf 89' lang='grc'><strong>.............................</strong></span> 
     </span>
    </p>

    <p class='ocr_par' dir='ltr' id='par_1_14' title="bbox 131 3594 1003 3672">
     <span class='ocr_line' id='line_1_29' title="bbox 131 3594 1003 3672; baseline -0.001 -16"><span class='ocrx_word' id='word_1_170' title='bbox 131 3595 238 3656; x_wconf 78' lang='lat' dir='ltr'><strong>hunus</strong></span> <span class='ocrx_word' id='word_1_171' title='bbox 251 3595 446 3672; x_wconf 86' lang='lat' dir='ltr'><strong>episcopatus</strong></span> <span class='ocrx_word' id='word_1_172' title='bbox 459 3594 600 3672; x_wconf 90' lang='lat' dir='ltr'><strong>Hugonis</strong></span> <span class='ocrx_word' id='word_1_173' title='bbox 615 3595 711 3654; x_wconf 88' lang='lat' dir='ltr'><strong>Paris.</strong></span> <span class='ocrx_word' id='word_1_174' title='bbox 729 3594 916 3672; x_wconf 86' lang='lat' dir='ltr'><strong>Episcopi...</strong></span> <span class='ocrx_word' id='word_1_175' title='bbox 927 3639 1003 3656; x_wconf 91' lang='lat'><strong>.....</strong></span> 
     </span>
    </p>
   </div>
   <div class='ocr_carea' id='block_1_8' title="bbox 190 3719 944 3790">
    <p class='ocr_par' dir='ltr' id='par_1_15' title="bbox 190 3719 944 3790">
     <span class='ocr_line' id='line_1_30' title="bbox 190 3719 944 3790; baseline -0.001 -16"><span class='ocrx_word' id='word_1_176' title='bbox 190 3721 329 3790; x_wconf 66' lang='lat' dir='ltr'><strong>[lioranrh</strong></span> <span class='ocrx_word' id='word_1_177' title='bbox 342 3720 469 3775; x_wconf 78' lang='lat' dir='ltr'><strong>llirtoire</strong></span> <span class='ocrx_word' id='word_1_178' title='bbox 478 3719 513 3774; x_wconf 88' lang='lat' dir='ltr'><strong>de</strong></span> <span class='ocrx_word' id='word_1_179' title='bbox 527 3721 555 3775; x_wconf 84' lang='lat' dir='ltr'><strong>la</strong></span> <span class='ocrx_word' id='word_1_180' title='bbox 569 3720 815 3790; x_wconf 77' lang='lat' dir='ltr'><strong>Salate-Chapelle,</strong></span> <span class='ocrx_word' id='word_1_181' title='bbox 828 3735 855 3788; x_wconf 90' lang='lat' dir='ltr'><strong>p.</strong></span> <span class='ocrx_word' id='word_1_182' title='bbox 870 3719 944 3786; x_wconf 71' lang='lat' dir='ltr'><strong>ran]</strong></span> 
     </span>
    </p>
   </div>
   <div class='ocr_carea' id='block_1_9' title="bbox 592 3961 641 4018">
    <p class='ocr_par' dir='ltr' id='par_1_16' title="bbox 592 3961 641 4018">
     <span class='ocr_line' id='line_1_31' title="bbox 592 3961 641 4018; baseline -0.02 -15"><span class='ocrx_word' id='word_1_183' title='bbox 592 3961 641 4018; x_wconf 83' lang='lat'><strong>4²·</strong></span> 
     </span>
    </p>
   </div>
   <div class='ocr_carea' id='block_1_10' title="bbox 104 4089 1133 4466">
    <p class='ocr_par' dir='ltr' id='par_1_17' title="bbox 104 4089 1133 4466">
     <span class='ocr_line' id='line_1_32' title="bbox 136 4089 1131 4174; baseline -0.007 -16"><span class='ocrx_word' id='word_1_184' title='bbox 136 4099 226 4160; x_wconf 88' lang='lat' dir='ltr'><strong>Nono</strong></span> <span class='ocrx_word' id='word_1_185' title='bbox 253 4099 374 4159; x_wconf 81' lang='lat' dir='ltr'><strong>kalend.</strong></span> <span class='ocrx_word' id='word_1_186' title='bbox 391 4097 505 4174; x_wconf 83' lang='lat' dir='ltr'><strong>Aprilis</strong></span> <span class='ocrx_word' id='word_1_187' title='bbox 525 4097 574 4172; x_wconf 78' lang='lat'><strong>(²4</strong></span> <span class='ocrx_word' id='word_1_188' title='bbox 594 4096 694 4170; x_wconf 87' lang='lat' dir='ltr'><strong>mars).</strong></span> <span class='ocrx_word' id='word_1_189' title='bbox 719 4093 842 4153; x_wconf 87' lang='lat' dir='ltr'><strong>Parisiis</strong></span> <span class='ocrx_word' id='word_1_190' title='bbox 862 4093 893 4152; x_wconf 91' lang='lat' dir='ltr'><strong>iu</strong></span> <span class='ocrx_word' id='word_1_191' title='bbox 913 4094 1005 4152; x_wconf 90' lang='lat' dir='ltr'><strong>Sacra</strong></span> <span class='ocrx_word' id='word_1_192' title='bbox 1020 4089 1131 4152; x_wconf 86' lang='lat' dir='ltr'><strong>Palatii</strong></span> 
     </span>
     <span class='ocr_line' id='line_1_33' title="bbox 104 4191 1133 4274; baseline -0.003 -21"><span class='ocrx_word' id='word_1_193' title='bbox 104 4195 234 4274; x_wconf 82' lang='lat' dir='ltr'><strong>Capella,</strong></span> <span class='ocrx_word' id='word_1_194' title='bbox 243 4197 380 4257; x_wconf 87' lang='lat' dir='ltr'><strong>ostensio</strong></span> <span class='ocrx_word' id='word_1_195' title='bbox 394 4197 479 4256; x_wconf 89' lang='lat' dir='ltr'><strong>lintei</strong></span> <span class='ocrx_word' id='word_1_196' title='bbox 493 4213 555 4270; x_wconf 91' lang='lat' dir='ltr'><strong>quo</strong></span> <span class='ocrx_word' id='word_1_197' title='bbox 565 4193 746 4271; x_wconf 84' lang='lat' dir='ltr'><strong>praecinctus</strong></span> <span class='ocrx_word' id='word_1_198' title='bbox 760 4193 825 4268; x_wconf 89' lang='lat' dir='ltr'><strong>ipse</strong></span> <span class='ocrx_word' id='word_1_199' title='bbox 839 4191 988 4267; x_wconf 86' lang='lat' dir='ltr'><strong>Christus,</strong></span> <span class='ocrx_word' id='word_1_200' title='bbox 1002 4193 1133 4267; x_wconf 82' lang='lat' dir='ltr'><strong>Aposto-</strong></span> 
     </span>
     <span class='ocr_line' id='line_1_34' title="bbox 104 4289 1130 4368; baseline -0.001 -19"><span class='ocrx_word' id='word_1_201' title='bbox 104 4291 198 4354; x_wconf 87' lang='lat' dir='ltr'><strong>lorum</strong></span> <span class='ocrx_word' id='word_1_202' title='bbox 220 4313 347 4356; x_wconf 90' lang='lat' dir='ltr'><strong>suorum</strong></span> <span class='ocrx_word' id='word_1_203' title='bbox 366 4314 384 4354; x_wconf 91' lang='lat' dir='ltr'><strong>a</strong></span> <span class='ocrx_word' id='word_1_204' title='bbox 401 4313 433 4354; x_wconf 88' lang='lat' dir='ltr'><strong>se</strong></span> <span class='ocrx_word' id='word_1_205' title='bbox 453 4293 585 4366; x_wconf 88' lang='lat' dir='ltr'><strong>ablutos,</strong></span> <span class='ocrx_word' id='word_1_206' title='bbox 608 4291 759 4368; x_wconf 85' lang='lat' dir='ltr'><strong>stupendo</strong></span> <span class='ocrx_word' id='word_1_207' title='bbox 781 4289 959 4350; x_wconf 85' lang='lat' dir='ltr'><strong>humilitatis</strong></span> <span class='ocrx_word' id='word_1_208' title='bbox 980 4289 1130 4365; x_wconf 85' lang='lat' dir='ltr'><strong>exemplo,</strong></span> 
     </span>
     <span class='ocr_line' id='line_1_35' title="bbox 104 4393 356 4466; baseline -0.004 -13"><span class='ocrx_word' id='word_1_209' title='bbox 104 4393 193 4466; x_wconf 84' lang='lat' dir='ltr'><strong>pedes</strong></span> <span class='ocrx_word' id='word_1_210' title='bbox 207 4393 356 4454; x_wconf 85' lang='lat' dir='ltr'><strong>exstersir.</strong></span> 
     </span>
    </p>
   </div>
   <div class='ocr_carea' id='block_1_11' title="bbox 0 0 1574 5514">
    <p class='ocr_par' dir='ltr' id='par_1_18' title="bbox 0 0 1574 5514">
     <span class='ocr_line' id='line_1_36' title="bbox 0 0 1574 5514; baseline 0 0"><span class='ocrx_word' id='word_1_211' title='bbox 0 0 1574 5514; x_wconf 95' lang='lat' dir='ltr'><strong> </strong></span> 
     </span>
    </p>
   </div>
  </div>
 </body>
</html>
