3128 5532
422 595 466 646 u
488 593 611 646 sarm
633 595 816 650 courourta
1059 579 1123 652 261

73 839 157 904 l’un
174 839 239 904 des
258 836 453 922 reliquaires
464 837 522 922 qui
536 856 578 902 en
592 838 761 903 contenuit
770 859 837 904 ene
850 839 938 904 avait
952 840 1003 906 ete
1017 842 1129 907 donne

74 965 211 1031 perun
226 947 276 1012 roi
296 946 338 1010 de
354 947 504 1030 Hongrie
518 965 527 1010 ε
543 945 658 1010 l'autre
673 945 760 1011 avait
773 951 824 1011 ete
837 947 951 1013 offerte
972 948 1129 1034 al’eglise

73 1072 161 1117 vers
183 1054 268 1137 1398
280 1072 339 1138 par
351 1053 556 1134 Wenceslas,
572 1051 756 1137 patriarche
770 1053 980 1132 d’Antioche,
991 1055 1127 1120 chance·

75 1160 146 1223 lier
160 1161 207 1224 de
220 1159 482 1240 WenceslasVI,
493 1159 544 1223 roi
557 1160 597 1223 de
608 1159 766 1224 Boheme.
783 1159 857 1224 Elle
872 1161 949 1226 etait
962 1163 1126 1230 eniermee

76 1267 173 1330 dans
190 1285 238 1330 un
252 1267 334 1351 petit
346 1267 469 1343 cristal,
484 1265 582 1331 scelie
594 1268 639 1330 du
652 1285 748 1330 sceau
760 1267 805 1331 du
819 1267 1021 1352 patriarche;
1035 1271 1128 1336 celle·

75 1376 112 1440 la
126 1376 247 1442 venait
263 1395 339 1441 sans
363 1376 423 1440 nul
444 1377 545 1440 doute
568 1375 609 1440 de
630 1375 832 1458 Jerusalem
858 1395 944 1442 nous
962 1397 1003 1442 en
1022 1395 1125 1442 avons

76 1483 181 1568 parle
194 1485 271 1570 plus
281 1483 364 1548 haut
373 1483 397 1548 ¹.

123 1671 244 1736 Parmi
273 1671 322 1735 les
354 1668 466 1754 epines
497 1667 669 1734 detrehees
699 1671 740 1734 de
778 1668 810 1733 la
849 1667 1031 1736 Couronne
1062 1689 1123 1756 par
1147 1689 1255 1738 vimen

78 1779 176 1846 saint
200 1781 316 1860 Louis,
333 1799 419 1846 nous
442 1799 578 1843 verrons
600 1779 677 1863 plus
704 1776 775 1842 loin
796 1775 877 1840 celle
902 1777 943 1840 de
967 1775 1120 1858 Vieence,
1167 1765 1232 1820 ¹²⁴⁸·

79 1887 220 1953 donnee
238 1907 298 1972 par
319 1888 350 1952 le
369 1888 420 1953 roi
434 1889 474 1952 de
495 1887 631 1966 Franco,
647 1905 688 1950 en
708 1887 802 1968 1259,
818 1883 837 1948 i
852 1883 1064 1968 Barthelemy
1081 1885 1122 1949 de

80 1994 276 2078 Bragance.
307 1995 393 2060 Mais
415 1994 447 2060 la
472 1994 549 2059 ville
574 1995 615 2059 de
641 1994 783 2060 Vicenee
806 1991 983 2078 possedait,
1004 1991 1123 2076 depuis

86 2103 188 2184 1243,
217 2103 305 2166 deux
339 2101 454 2186 epines
481 2101 539 2185 qui
577 2101 730 2166 veoaknt
761 2099 802 2164 de
830 2097 1121 2183 Constantinople.

81 2208 180 2274 Eiles
192 2208 315 2274 etaient
329 2209 411 2274 dans
424 2227 491 2274 une
504 2209 614 2284 ioone,
627 2209 711 2274 dont
724 2227 771 2272 un
781 2205 965 2272 manuscrit
974 2205 1015 2270 de
1027 2207 1121 2291 1376,

79 2316 123 2379 de
143 2317 179 2380 le
194 2315 424 2400 bibliotheque
436 2317 481 2380 de
501 2316 655 2394 Vicence,
671 2314 751 2380 ecrit
771 2333 830 2399 par
850 2313 881 2378 le
897 2313 994 2378 Frere
1010 2313 1051 2378 P.
1071 2313 1122 2394 Z.,

78 2441 171 2486 nous
194 2443 215 2486 a
237 2423 398 2487 conserve
418 2422 450 2487 ia
477 2421 680 2506 description
712 2439 755 2486 en
782 2423 889 2485 meme
922 2435 1031 2504 temps
1058 2437 1123 2504 que

84 2527 252 2596 l’histoire
264 2547 272 2592 :

515 2659 688 2720 DaYeortA.

113 2808 129 2842 ι
144 2788 271 2859 Postea,
285 2796 440 2846 transacto
456 2783 561 2860 aliquo
574 2797 723 2860 tempore,
739 2783 847 2843 volens
866 2784 949 2844 Deus
967 2785 1020 2862 qui
1034 2787 1120 2848 seius

76 2899 124 2947 est
130 2885 272 2946 liberalis
283 2883 452 2944 seeundum
462 2881 690 2958 philosophum,
697 2881 945 2958 superabundare
955 2883 988 2942 in
995 2884 1119 2948 datione

77 2997 108 3044 et
130 2983 283 3060 perficere
307 2981 392 3058 quod
409 2981 573 3058 inceperat,
598 2979 759 3056 inspiravit
781 2981 903 3040 cuidem
926 2981 1060 3042 dominae
1080 2984 1118 3044 de

75 3081 234 3154 veneciis,
252 3079 378 3140 nomine
393 3079 545 3154 Philippa,
559 3095 618 3154 que
632 3077 730 3138 iuerat
740 3095 818 3138 uxor
830 3079 986 3153 quondam
999 3079 1117 3140 domini

75 3179 192 3240 Marini
206 3177 385 3240 Maurooeni
398 3177 437 3236 de
449 3176 602 3250 veneciis,
616 3193 675 3252 que
688 3177 783 3250 daret,
798 3187 829 3236 et
839 3177 967 3234 donaret
977 3177 1117 3254 predicto

75 3279 206 3338 domiuo
220 3277 367 3354 episeopo
381 3274 612 3348 Bartholomeo,
627 3293 683 3352 pro
693 3275 833 3350 predicto
845 3286 998 3338 conventu
1012 3293 1117 3350 quem·

75 3377 147 3436 dam
165 3393 297 3452 yconam
311 3375 350 3434 de
361 3374 445 3452 ligno
459 3373 567 3432 ebano.
586 3375 621 3432 ln
635 3390 695 3448 qua
708 3385 754 3432 est
765 3373 803 3432 de
816 3373 980 3450 veroliguo
996 3375 1114 3450 Crucis,

75 3473 227 3534 insertum
240 3472 343 3533 tabule
361 3489 416 3548 per
430 3471 556 3530 modum
569 3471 669 3530 crucis
691 3483 722 3530 et
739 3471 902 3530 circaeam
923 3489 960 3532 ex
984 3483 1114 3548 utroque

74 3569 173 3630 latere
194 3581 265 3628 sunt
283 3569 388 3628 decem
401 3567 489 3628 thece
510 3579 651 3644 argentee
665 3580 810 3644 cooperte
831 3569 999 3644 christallo,
1019 3571 1113 3630 sacris

78 3667 218 3744 reliquis
239 3679 357 3740 mate,
378 3684 448 3726 euna
462 3666 564 3744 grecis
584 3667 763 3728 nominibus
781 3666 949 3742 impressis,
975 3667 1111 3728 scilieet:

75 3779 255 3824 sanctorum
267 3763 350 3824 Petri
361 3764 503 3840 apostoli,
513 3764 643 3838 Andree,
656 3763 784 3824 Matthei
792 3765 985 3841 evangeliste,
997 3765 1113 3842 Tymo-

75 3863 139 3923 thei
155 3861 288 3922 martiris
305 3873 336 3922 et
353 3862 474 3939 Georgii
489 3861 622 3922 martiris
637 3879 674 3920 ex
684 3861 779 3922 latere
788 3863 890 3940 primo
906 3881 960 3921 seu
975 3863 1111 3936 dextero,

77 3973 255 4020 sanctorum
273 3959 374 4032 Pauli,
389 3959 609 4031 Bartholomei,
629 3959 772 4036 Symonis
792 3959 1013 4036 apostolorum,
1029 3961 1112 4020 Luce

76 4059 273 4136 evangeliste,
290 4058 496 4132 pantaleonis,
506 4076 544 4118 ex
554 4059 649 4118 latere
664 4058 801 4120 sinistro.
817 4059 856 4120 Et
868 4061 977 4119 subtus
990 4077 1111 4118 crucem

76 4157 107 4217 in
121 4157 185 4216 fine
199 4169 246 4218 est
255 4156 293 4216 de
305 4157 445 4235 Purpura
459 4168 489 4218 et
499 4157 537 4216 de
557 4155 703 4233 Spongia,
715 4167 746 4218 et
758 4156 797 4218 de
811 4157 934 4218 Corona
948 4155 1109 4216 Dominica

108 4394 134 4431 r.
148 4377 215 4431 Voir
230 4391 260 4445 p.
279 4387 340 4430 sao.
