2924 5364
215 515 283 585 114
396 514 505 566 noras
529 516 572 564 ar
595 501 726 564 arunas
747 499 1065 577 meaaotocronas

208 771 287 828 mus,
314 752 432 813 cunctis
460 769 530 811 vere
558 763 589 811 et
615 750 746 811 fideliter
770 751 977 827 notificamus,
1007 771 1072 831 quo

207 862 322 927 quanto
350 868 420 909 cum
450 849 615 926 triumpho,
646 848 791 908 iratribus
820 850 946 923 nostris,
965 864 1141 930 propugnat
1253 914 1277 928 ,

207 949 281 1024 suis,
296 949 506 1026 potentissima
517 949 630 1009 Christi
641 950 774 1025 dextera,
785 962 854 1024 post
863 949 1002 1008 laborem
1012 961 1044 1009 et
1051 949 1189 1041 perieniq'
1254 925 1277 974 ἱ

206 1047 332 1123 paganis
346 1048 468 1123 plenam
482 1047 567 1106 dedit
582 1046 752 1106 victoriam.
763 1045 846 1105 Civis
861 1047 988 1123 quidam
1002 1048 1148 1125 noster,B
1253 1032 1267 1051 ’

207 1145 342 1218 nomine,
364 1144 482 1204 cunctis
503 1145 593 1203 nobis
611 1158 712 1217 notus,
731 1144 849 1203 cunctis
868 1145 1057 1220 carissimus,
1076 1162 1153 1204 enno
1244 1217 1247 1220 Α

206 1242 288 1300 hunc
301 1245 459 1318 preterito,
473 1262 542 1302 cum
556 1244 725 1319 Anglorum
743 1243 883 1316 navibus,
899 1244 939 1301 ad
952 1243 1052 1319 ipsam
1065 1261 1157 1322 usque

205 1342 290 1402 venit
302 1341 508 1415 Antiochiam,
522 1341 575 1399 ubi
590 1341 704 1400 laboris
714 1358 815 1399 comes
827 1352 858 1399 et
867 1341 1007 1416 periculi,
1019 1338 1159 1417 triumphi
1241 1330 1277 1371 ’Ἀ

205 1440 302 1516 ticeps
317 1453 347 1500 et
364 1440 478 1516 gaudii,
495 1440 640 1515 pugnavit
655 1458 724 1498 curn
741 1439 958 1515 pugnantibus,
970 1439 1078 1499 esuriit
1091 1455 1156 1498 cunt

207 1539 366 1612 rientibus,
378 1539 451 1598 vicit
461 1556 584 1613 quoque
598 1556 667 1596 cum
677 1538 878 1606 vincentibus,
891 1551 931 1611 et,
942 1551 1013 1613 post
1023 1539 1083 1613 jam
1091 1547 1214 1614 persen

206 1655 244 1696 ex
252 1650 318 1698 toto
333 1637 503 1710 victoriam,
514 1655 585 1694 cum
598 1636 741 1694 omnibus
751 1636 793 1694 ibi
807 1654 862 1711 per
872 1649 934 1694 tres
943 1637 1127 1712 septimanas
1135 1620 1227 1694 conio·¹

204 1748 296 1807 tatus,
313 1737 352 1794 ad
366 1753 424 1794 nos
446 1734 528 1793 felici
551 1753 642 1792 cursu
658 1734 776 1792 rediit¹.
790 1735 889 1803 Quem
903 1746 1073 1794 statuentes
1089 1733 1121 1792 in
1135 1727 1212 1792 medi·

204 1851 312 1908 puram
327 1833 556 1907 simplicemque
570 1831 613 1890 rei
627 1832 797 1907 veritatem,
807 1832 864 1890 hac
874 1849 945 1890 ecce
960 1832 1059 1909 ipsius
1068 1828 1226 1891 mmtiott·

206 1930 397 2006 accepimus:

243 2049 256 2081 ιι
277 2027 356 2084 Cum
372 2026 614 2102 pervenissemus
630 2026 835 2098 Antiochiam,
851 2044 908 2083 nos
923 2026 976 2100 qui
991 2042 1047 2101 per
1064 2041 1140 2084 mare
1151 2021 1212 2082 ntri·

208 2146 221 2178 ι
242 2125 398 2200 gabamus,
416 2123 565 2181 exercitus
581 2122 633 2198 qui
648 2140 702 2197 per
716 2135 827 2179 terram
842 2121 978 2197 undique
994 2118 1213 2182 confluxeratvir
1264 2108 1268 2113 ¹

209 2245 221 2275 ι
243 2222 322 2279 bene
335 2221 488 2279 civitatem
502 2221 563 2294 jam
586 2219 831 2277 circumsederat.
849 2219 996 2293 Sequenti
1015 2221 1075 2293 die,
1090 2219 1214 2298 principe

211 2344 225 2372 ιι
245 2320 342 2378 nostri
361 2320 531 2394 procedunt
549 2319 587 2376 ad
606 2335 699 2389 mare,
718 2317 860 2375 visitandi
876 2335 932 2374 nos
951 2318 1059 2392 gratia.
1074 2320 1215 2377 Hortatur

212 2439 225 2471 ι
245 2435 302 2476 nos
316 2431 350 2475 ut
369 2418 407 2474 ad
422 2417 640 2474 construendus
658 2415 730 2472 belii
744 2415 899 2473 machinas
919 2415 1078 2490 copiosam
1091 2417 1217 2494 lignorum
1275 2484 1277 2499 Ι

210 2535 224 2567 ι
244 2514 436 2572 conferamus
450 2513 621 2586 materiam;
632 2515 716 2588 quod
726 2514 839 2572 factum
854 2531 996 2587 magnum
1011 2515 1101 2573 nobis
1114 2512 1219 2573 fuitdit·
1271 2504 1277 2561 ἰ

210 2611 399 2686 «pendium.
428 2611 533 2670 Tertio
559 2625 660 2669 autem
686 2629 782 2669 nonas
811 2611 921 2683 martii,
951 2611 983 2669 id
1011 2625 1057 2671 est
1074 2613 1168 2688 prima
1185 2607 1221 2669 die

208 2731 223 2761 ιι
242 2709 361 2767 veneris
369 2709 389 2781 ²,
405 2721 541 2766 statuunt
551 2708 647 2768 nostri
658 2709 689 2766 in
700 2708 883 2767 occidentali
891 2721 979 2782 porta
990 2709 1122 2770 civitatis
1134 2706 1225 2769 castel·

209 2809 306 2865 «lum
332 2807 457 2882 erigere,
486 2809 567 2882 jactu
601 2807 708 2866 baliste
735 2807 919 2882 proximum,
945 2807 1022 2885 quod
1043 2826 1120 2867 nunc
1149 2808 1228 2867 Beate

209 2928 221 2958 ι
241 2906 344 2964 Marte
354 2907 473 2963 dicitur.
487 2905 548 2962 Ubi
563 2905 629 2980 ipsa
641 2907 700 2979 die,
709 2904 818 2962 Turcis
829 2905 1067 2980 insurgentibus,
1081 2925 1119 2965 ex
1132 2904 1231 2965 nostris

208 3025 220 3056 ι
243 3004 303 3059 duo
328 3003 412 3061 milia
435 3003 475 3074 lv,
500 3021 536 3060 ex
559 3003 690 3060 inimicis
714 3021 786 3060 vero
810 3003 985 3060 ceciderunt
1008 3004 1082 3062 dccc
1105 3023 1233 3062 numero.

208 3101 343 3157 «Tertia
369 3114 469 3158 autem
497 3103 546 3159 die
574 3115 675 3160 erecto
703 3102 827 3159 castello
856 3102 950 3159 nostri
974 3120 1071 3177 usque
1094 3105 1125 3178 iij
1146 3122 1237 3162 nonas

208 3219 220 3250 ι
242 3198 317 3272 junii
328 3200 348 3271 ³,
364 3199 458 3256 multa
470 3200 617 3274 perpessi,
633 3201 711 3258 fame
727 3200 902 3258 deficientes
917 3215 946 3257 et
959 3202 1072 3275 gladio,
1090 3203 1185 3259 multa
1199 3201 1239 3259 ibi

207 3317 220 3349 ι
240 3297 463 3354 exsudaverunt
479 3298 657 3355 constantia.
670 3299 714 3355 Ea
728 3311 827 3355 autem
844 3298 892 3355 die
906 3298 963 3354 hoc
975 3299 1082 3355 ordine
1097 3313 1186 3374 capta
1198 3313 1242 3357 est

207 3413 219 3443 ι
241 3391 357 3449 civitas.
375 3394 514 3461 Quatuor
527 3395 662 3468 germani
676 3395 733 3450 viri
744 3394 863 3451 nobiles
878 3396 915 3451 de
925 3395 1098 3468 Antiochia,
1109 3399 1241 3455 secunda

206 3513 218 3543 ι
240 3492 289 3548 die
303 3493 390 3565 junii,
408 3495 579 3552 Boimnndo
594 3509 623 3552 et
640 3497 784 3553 Rotberto
799 3496 927 3553 Curtose
943 3509 971 3553 et
987 3498 1134 3553 Rotberto
1151 3496 1242 3554 Flan-

206 3611 218 3641 ι
240 3589 342 3646 drensi
365 3593 480 3665 comiti,
507 3593 580 3667 ipsis
602 3606 720 3650 tantum
739 3593 892 3650 civitatem
915 3594 1095 3668 promittunt
1120 3613 1153 3652 se
1173 3596 1242 3653 red·

204 3704 217 3734 ι
238 3683 320 3740 dere.
341 3685 382 3741 Hi
402 3705 473 3744 vero
493 3688 648 3744 communi
662 3688 798 3745 omnium
810 3705 984 3749 nostrorum
995 3691 1137 3763 consilio,
1152 3707 1244 3752 nocte

206 3801 218 3833 ι
239 3780 385 3854 proxima,
409 3784 615 3842 nescientibus
636 3786 756 3859 Turcis,
783 3789 821 3846 ad
845 3809 966 3847 murum
989 3789 1122 3847 civitatis
1143 3803 1244 3849 toturn

205 3897 218 3930 ι
239 3878 412 3937 conduxere
427 3882 603 3939 exercitum.
621 3884 759 3959 Cumque
774 3904 861 3945 mnne
882 3886 1082 3945 Antiocenses
1103 3888 1245 3961 aperuis-

204 3997 217 4028 ι
239 3988 306 4033 sent
320 3989 433 4053 portas,
453 3991 486 4038 ut
505 3982 674 4040 secundum
688 3980 873 4056 promissum
889 3984 972 4042 solos
988 3983 1164 4044 nominatos
1181 3997 1245 4044 tres

242 4216 263 4252 r.
284 4201 361 4268 1098,
379 4215 413 4254 20
430 4201 531 4267 juillet.
795 4203 820 4256 3.
834 4201 852 4255 8
866 4201 973 4257 mars-3
990 4204 1058 4270 juin.

239 4303 263 4340 a.
280 4288 392 4342 Smara.
