3130 5514
589 611 657 684 90·
777 609 886 662 noras
912 609 955 660 ar
978 593 1108 660 mnas
1130 593 1429 670 ancmtoctous

589 865 637 908 ras
652 863 838 925 gemmarum
846 847 1017 924 praesertim
1034 847 1276 924 smaragdorum,
1290 847 1429 924 inquom

589 947 636 1006 sol
661 961 857 1024 repercussus
881 945 989 1006 oculos
1019 945 1184 1006 astantium
1209 946 1349 1022 gratim
1380 946 1429 1003 luc

588 1061 686 1120 equos
700 1061 841 1104 cursores
860 1045 1010 1122 plurimos
1025 1063 1095 1103 cum
1113 1045 1258 1122 phalaris,
1278 1043 1405 1104 fulvum
1428 1065 1429 1072 ¹

590 1141 767 1202 mandentes
786 1143 844 1202 sub
866 1143 1010 1204 dentibus
1032 1159 1153 1216 surum,
1167 1159 1221 1202 vas
1242 1143 1410 1218 quoddam

590 1239 633 1298 ita
647 1239 751 1300 subtili
764 1239 920 1300 coelatoris
934 1251 998 1300 arte
1016 1239 1180 1316 sculptum,
1195 1251 1229 1300 ut
1247 1255 1320 1300 vere
1337 1239 1429 1298 fluctu

590 1351 661 1394 vere
678 1335 848 1412 germinare
865 1336 953 1410 vites,
968 1353 1038 1396 vere
1056 1335 1169 1396 moveri
1188 1335 1353 1394 bominum
1377 1337 1429 1394 ima

591 1445 706 1505 rentur,
720 1431 762 1492 its
776 1432 912 1492 lucidum
931 1431 1097 1510 expolitum
1110 1446 1146 1492 ut
1163 1431 1229 1492 vice
1250 1431 1372 1508 speculi
1390 1451 1429 1490 vu

591 1529 667 1590 tium
687 1528 890 1588 aemularetur.

627 1628 769 1686 «Ensem
784 1627 978 1688 Constantini
1002 1627 1104 1704 magni
1125 1627 1208 1688 misit
1231 1627 1363 1702 scilicet,
1388 1627 1421 1685 in

591 1725 690 1784 aureis
701 1743 813 1784 nomen
824 1725 941 1802 antiqui
953 1725 1140 1802 possessoris
1152 1725 1330 1802 legebatur:
1343 1727 1377 1784 ἰιι
1388 1745 1429 1800 caj

591 1843 682 1902 super
693 1841 810 1884 crassas
824 1825 890 1884 auri
905 1825 1043 1900 laminas,
1058 1827 1178 1886 clavum
1192 1827 1324 1886 ferreum
1341 1827 1429 1886 affixa

591 1941 686 1982 unum
701 1941 738 1982 ex
754 1935 887 1998 quatuor
904 1941 983 1999 quos
996 1923 1117 1998 judaica
1131 1925 1305 2002 persecutio
1321 1925 1429 1983 Domir

592 2033 709 2098 aptarat
727 2019 889 2096 supplicio,
911 2021 1062 2080 Lanceam
1086 2021 1190 2080 Caroli
1214 2022 1328 2098 magni,
1345 2039 1429 2098 quan

592 2117 809 2179 invictissimus
825 2133 932 2180 contra
947 2121 1132 2180 Sarracenos
1146 2121 1313 2181 exercitum
1328 2123 1429 2180 ducen

593 2217 625 2276 in
644 2215 747 2276 hostes
766 2217 914 2290 vibrabat,
938 2235 1105 2294 numquam
1126 2219 1185 2278 nisi
1209 2219 1305 2278 victor
1326 2219 1429 2277 abibat

594 2335 660 2378 esse
674 2319 781 2378 eadem
800 2337 868 2394 quae
884 2319 1046 2380 Dominico
1069 2319 1157 2379 lateri
1180 2320 1370 2380 centurionis
1390 2337 1429 2378 mr

594 2417 719 2492 pretiosi
738 2418 872 2478 vulneris
892 2417 994 2478 hiatus
1016 2419 1193 2494 paradisum
1217 2419 1338 2478 miseris
1360 2437 1429 2478 mor

594 2513 654 2574 ruit
677 2515 845 2574 :verinum
873 2516 945 2576 item
968 2516 1053 2576 misit
1079 2517 1221 2576 Mauricii
1242 2517 1414 2576 beatissimi

593 2613 726 2674 Thebete
748 2613 878 2690 legionis
904 2615 1062 2692 principis,
1078 2635 1140 2692 quo
1162 2617 1245 2676 idem
1267 2635 1319 2676 rex
1343 2618 1376 2676 in
1401 2619 1429 2676 b<

594 2711 761 2787 quamlibet
778 2713 905 2772 infestos
924 2727 954 2774 et
976 2713 1131 2774 consertos
1153 2715 1348 2774 inimicorum
1363 2735 1428 2774 cun<

594 2827 665 2886 pere
678 2823 707 2868 et
719 2811 750 2868 in
762 2811 863 2887 lugam
877 2811 985 2870 solitus
995 2827 1059 2871 erat
1073 2831 1190 2889 cogere.
1205 2813 1351 2872 Diadema
1362 2831 1397 2871 ex
1412 2832 1428 2870 a

595 2906 702 2980 multo,
718 2909 771 2968 sed
786 2909 881 2984 magis
901 2909 1027 2984 gemmis
1044 2910 1213 2986 pretiosum
1228 2929 1357 2986 quarum
1376 2912 1428 2986 splt

594 3005 746 3064 intuentes
761 3005 875 3064 laculas
888 3005 1012 3065 luminis
1027 3007 1226 3080 jaculabatur,
1239 3021 1273 3068 ut
1288 3021 1401 3086 quanto
1417 3029 1428 3083 ς

595 3101 693 3161 ιίιιιιιι
708 3103 864 3160 intendere
886 3115 971 3162 tanto
991 3103 1085 3180 magis
1104 3105 1313 3164 reverberatus
1333 3123 1428 3182 cogar<

597 3199 781 3258 Particulam
793 3213 905 3259 sanctae
918 3213 948 3260 et
957 3202 1121 3262 adorandae
1136 3203 1235 3262 crucis
1250 3203 1382 3262 cristallo
1396 3205 1425 3260 in

597 3296 781 3356 soliditatem
796 3296 906 3373 lapidis
921 3298 1028 3357 oculus
1042 3313 1206 3374 penetrans
1224 3313 1324 3376 potest
1336 3300 1428 3359 discet

596 3393 634 3454 sit
647 3394 721 3470 ligni
735 3394 821 3454 color
832 3409 862 3455 et
876 3413 944 3470 quoe
957 3397 1122 3472 quantitas,
1135 3397 1358 3474 portiunculam
1369 3417 1428 3473 quo

596 3491 708 3568 spineae
731 3493 839 3552 eodem
863 3495 955 3552 ruodo
977 3495 1136 3570 inclusam,
1157 3515 1249 3572 quam
1271 3498 1310 3554 ad
1331 3496 1428 3555 derisi<

596 3589 734 3648 militaris
746 3591 846 3650 rabies
859 3605 1054 3652 sacrosancto
1069 3594 1215 3670 imposuit
1228 3596 1327 3671 capiti.
1343 3597 1396 3654 His
1410 3609 1428 3653 n

596 3687 759 3747 elaboratis
783 3687 872 3747 donis
890 3691 1209 3766 magnificentissimus
1226 3711 1278 3751 rex
1296 3693 1419 3769 gavisus,

595 3785 679 3842 ribus
698 3803 775 3860 pane
788 3789 946 3862 respondit
964 3789 1141 3864 beneficiis3
1157 3791 1232 3866 quin
1252 3805 1282 3850 et
1301 3791 1427 3849 anhelan

595 3885 709 3960 nuptiis
731 3887 845 3944 sororis
860 3889 974 3948 reiecit.
992 3891 1029 3947 Et
1051 3889 1160 3947 ceteris
1183 3890 1305 3964 quidem
1327 3907 1427 3948 succes

594 3981 724 4054 dotavit;
744 3995 861 4056 partem
885 4004 956 4044 vero
981 3988 1079 4046 crucis
1103 4001 1133 4046 et
1155 4005 1278 4046 coronae
1297 3989 1427 4046 blalmesl

594 4079 685 4156 gavit,
700 4097 831 4154 quorum
846 4085 1052 4142 sustentaculo
1071 4085 1171 4143 adhuc
1186 4087 1277 4144 credo
1296 4085 1388 4160 vigere
1405 4087 1427 4142 lc

594 4193 639 4240 tot
649 4179 797 4240 libertatis
810 4183 975 4260 naufragia,
983 4197 1029 4245 tot
1043 4186 1295 4247 calumniatorum
1304 4183 1427 4258 injurias

628 4399 651 4438 ι.
665 4385 752 4450 Perta,
764 4384 875 4453 script,
884 4397 903 4439 t.
915 4389 948 4454 x,
960 4403 987 4456 p.
999 4388 1063 4454 460.
