3130 5514
454 593 499 643 LA
520 591 644 644 sarm
665 593 778 644 LANCE

130 831 182 890 sit
195 831 320 891 Christo
334 829 488 908 jubilatio,

99 927 195 1005 Laus,
210 927 482 1008 gratiarumactio,

658 831 822 892 Armorum
836 831 1003 908 veneratio,

658 928 704 988 Sit
718 942 823 989 nostra
837 927 1017 992 defensatio.

727 1029 836 1089 Amen.

407 1277 554 1354 Hymnus
570 1279 611 1339 ud
628 1281 817 1341 mantissam.

172 1405 316 1465 Paschali
329 1405 428 1482 jubilo

170 1504 187 1562 J
190 1518 282 1564 unam
295 1505 358 1563 sint
368 1503 490 1580 gaudia,

175 1603 298 1662 Etcum
312 1602 469 1678 preconio

174 1697 263 1758 Nova
277 1697 429 1770 solennia,

174 1795 211 1854 In
222 1795 283 1854 hoc
297 1793 435 1870 tripudio

172 1893 241 1952 Sint
254 1893 288 1952 in
302 1891 461 1965 memoria,

104 1987 187 2050 Crux
199 2004 229 2052 et
242 1990 330 2051 Clavi
345 2003 376 2050 at
389 1991 519 2049 Lancea.

173 2141 256 2201 Crux
269 2141 352 2217 apud
365 2139 481 2200 inferos

177 2239 296 2316 Spoliat
309 2249 433 2310 tartara,

173 2337 257 2396 Crux
269 2337 351 2414 apud
361 2353 489 2411 superos

175 2435 296 2495 Sanctis
310 2437 363 2496 dat
372 2434 543 2512 premium,

176 2535 215 2595 Et
226 2553 320 2613 super
332 2535 457 2612 angelos

174 2633 370 2694 Transmittit
384 2631 561 2708 Dominum,

109 2726 247 2792 Gaudent
257 2749 351 2810 regna
365 2729 512 2790 coelestia.

177 2883 289 2943 Clavus
303 2884 378 2942 dum
390 2881 494 2959 figitur

178 2983 213 3042 in
231 2981 288 3042 Dei
304 2980 457 3052 manibus,

178 3081 216 3141 Et
228 3081 303 3140 dum
316 3079 494 3140 confoditur

178 3181 213 3240 ln
227 3177 322 3238 sacris
335 3177 467 3254 pedibus

731 1407 861 1483 Corpus,
879 1407 923 1466 sic
936 1407 1094 1486 frangitur,

731 1506 822 1578 Quod
836 1523 893 1581 pro
908 1506 1096 1582 hominibus,

660 1601 773 1678 Magna
784 1601 955 1662 funduntur
968 1602 1105 1662 flumina.

733 1752 854 1812 Lancea
864 1752 995 1812 seriens

731 1852 768 1910 In
783 1851 839 1912 Dei
854 1869 993 1930 corpore,

733 1949 773 2008 Et
786 1947 858 2008 iude
873 1949 1031 2026 proferans

730 2049 851 2123 Aquam
862 2067 933 2109 cum
946 2048 1105 2126 sanguina,

733 2146 884 2205 Mundum
901 2145 1071 2207 sanctificat

731 2243 809 2302 Tam
823 2257 929 2304 sancto
947 2243 1085 2316 flumine,

663 2340 778 2400 Omnes
792 2341 831 2402 ad
843 2357 938 2418 aquas
952 2341 1074 2402 currite.

731 2491 777 2553 Ta
791 2509 910 2552 summa
924 2493 1028 2552 Deitas

730 2589 826 2666 Virgo
840 2589 1026 2667 magnificat,

733 2687 855 2748 Coelum
868 2705 939 2747 cum
951 2685 1077 2764 Angelis

734 2785 891 2845 Laudibus
905 2785 1036 2858 intonat,

735 2883 876 2942 Miranda
890 2883 1031 2960 genitrix,

735 2981 796 3040 Pro
811 2981 859 3040 his
871 2994 901 3041 te
913 2979 1075 3058 glorificat,

666 3079 701 3138 in
716 3079 901 3155 sempiterna
915 3079 1038 3138 sarcula.

748 3177 856 3236 Amen.

459 3455 606 3536 Hymnus
622 3455 664 3517 ad
676 3455 789 3516 laudes.

147 3581 266 3642 Verbum
280 3597 427 3658 supernum
445 3581 569 3658 prodiens

116 3678 229 3742 salvara
247 3681 334 3758 quod
346 3680 489 3758 perierat,

116 3775 210 3840 Clasis
225 3779 325 3838 cruce
339 3795 371 3838 se
389 3777 543 3850 muniens,

117 3873 291 3954 complevit,
302 3876 341 3936 ad
354 3877 438 3953 quod
451 3887 585 3936 venerat.

148 4059 318 4136 Ogloriosa
334 4059 461 4132 Lancea,

116 4155 218 4216 Timor
229 4171 259 4217 et
273 4171 387 4218 tremor
400 4159 587 4232 daemonum,

118 4257 215 4333 Regna
224 4257 335 4334 pandis
349 4257 475 4328 siderea,

119 4353 172 4415 Per
184 4355 254 4416 tite
264 4365 378 4416 sancta
390 4355 542 4416 meritum.

701 3582 746 3642 Da
766 3581 930 3644 Clarorum
950 3578 1142 3657 stigmatibus

667 3680 798 3738 Emanat
807 3677 914 3738 mundi
927 3680 1071 3757 pretium,

668 3778 736 3836 Prae
750 3779 869 3837 cunctis
888 3779 1087 3854 aromatibus,

668 3877 793 3952 Fragrat
806 3877 933 3936 odorem
946 3877 1098 3938 coelicum.

704 4055 740 4114 ln
753 4055 845 4114 corde
869 4055 982 4116 Christi
1000 4054 1145 4132 mergitur

669 4155 777 4212 Mucro
789 4154 854 4212 sola
869 4153 1069 4230 splendidior,

669 4253 751 4310 Fons
764 4251 850 4312 vivus
863 4265 936 4312 tunc
953 4251 1099 4326 exoritur,

671 4351 764 4412 Omni
784 4351 909 4412 dulcore
925 4351 1055 4412 dulcior.
