3130 5514
416 653 462 702 aa
486 651 610 704 suurn
632 651 745 704 nauca
1029 655 1093 726 ¹07

79 892 137 949 rat¹
156 893 251 952 eidem
273 894 499 954 nichilominus
513 894 630 954 illibata
652 893 803 954 custodiat
816 893 824 952 l
838 893 919 953 Nam
937 911 1007 953 cunt
1021 895 1095 956 dicti

79 989 166 1050 iratres
184 990 357 1066 injunctum
378 993 438 1052 sibi
461 1011 479 1052 a
502 1009 573 1070 rege
593 992 760 1068 sollempne
783 993 939 1069 negotium
965 991 1095 1053 sollicite

79 1103 200 1164 peragere
218 1090 383 1165 cupientes
402 1091 442 1149 ad
457 1090 608 1166 prelatum
626 1089 788 1166 imperium
806 1091 994 1166 festinarent,
1014 1092 1095 1151 acci·

81 1187 152 1246 ditut
163 1187 272 1248 eisdem
285 1187 390 1248 adhuc
405 1189 438 1248 in
450 1189 501 1248 ria
518 1188 727 1262 existentibus,
741 1189 864 1264 quidam
882 1189 979 1262 miles,
995 1191 1096 1250 Guido

81 1286 190 1359 nomine,
205 1287 243 1345 de
265 1305 368 1364 regno
390 1287 518 1346 Francia
540 1287 701 1362 oriundus,
716 1301 746 1346 et
767 1288 897 1364 predicti
915 1287 989 1347 doni
1013 1291 1096 1365 quod

82 1383 222 1460 inperator
244 1385 311 1462 regi
336 1386 452 1446 fecerat
472 1385 613 1445 conscius
633 1398 707 1444 tunc
726 1385 874 1462 temporis
897 1403 967 1444 curn
987 1387 1096 1446 eodem

82 1481 238 1557 imperatore
252 1501 377 1542 moram
396 1483 522 1557 iaciens,
541 1483 673 1560 acceptis
687 1485 725 1542 ab
738 1501 775 1544 eo
787 1485 909 1558 litteris,
924 1501 994 1542 cum
1008 1483 1096 1542 eisin

83 1579 181 1654 Syriam
192 1583 416 1656 transfretaret,
431 1595 462 1641 et
478 1581 598 1641 sublato
617 1582 689 1640 inde
709 1583 888 1643 auctoritate
903 1582 986 1640 bulle
1000 1581 1097 1657 impe-

82 1675 148 1736 ritlis
164 1679 244 1756 ligno
258 1681 431 1754 dominico,
447 1681 526 1740 iacta
546 1679 748 1739 creditoribus
767 1678 928 1738 sufficienti
943 1676 1097 1750 cautione,

83 1773 143 1832 illud
154 1779 418 1853 cumquibusdam
429 1778 556 1838 Francie
567 1777 722 1836 nobilibus
733 1774 1098 1853 deSyriarevertentibus

82 1868 264 1930 inFranciem
276 1874 422 1948 deferret,
431 1874 524 1950 idque
537 1873 600 1950 regi
615 1891 685 1932 curn
698 1873 766 1932 eliis
779 1871 1013 1952 preciosissimis
1028 1870 1098 1930 reli·

85 1967 148 2040 quiis
167 1969 336 2031 honorilice
358 1983 559 2048 presentaret.
582 1971 627 2029 De
647 1987 777 2046 quarum
798 1969 935 2046 siugulis,
951 1970 1008 2030 etsi
1026 1987 1098 2046 pro·
1205 1983 1217 2008 Ι

85 2062 202 2137 liriorern
225 2086 401 2128 sermonem
421 2069 488 2128 lieri
502 2069 693 2139 condeceret,
713 2068 868 2128 brevitatis
887 2081 989 2128 tamen
1007 2085 1100 2128 causa

88 2163 126 2220 cui
135 2163 305 2241 insistimus,
318 2185 427 2226 eorum
439 2179 557 2226 tantum
569 2167 693 2226 nomina
708 2167 840 2226 scribere
850 2167 934 2238 libet,
945 2183 1013 2242 quae
1028 2178 1100 2225 sunt

88 2259 131 2318 hec
141 2279 148 2320 :
159 2263 380 2324 Sacrosanctus
394 2265 518 2340 sanguis
532 2263 656 2322 Domini
670 2275 701 2322 et
716 2263 882 2322 salvatoris
896 2262 994 2321 nostri
1008 2261 1099 2320 ihesu

91 2359 194 2434 Christi,
208 2363 390 2422 vestimenta
402 2361 533 2421 infancie
548 2363 656 2438 ipsius,
670 2361 800 2420 frustum
813 2361 824 2388 ¹
835 2379 977 2438 magnum
992 2358 1100 2420 Crucis

90 2455 228 2534 dominice,
250 2479 316 2521 non
338 2474 444 2520 tamen
467 2461 506 2520 ad
527 2460 657 2519 formam
675 2459 774 2520 crucis
797 2460 965 2533 redactum,
980 2459 1019 2519 de
1039 2475 1101 2533 quo

89 2551 263 2628 imperatores
286 2559 624 2635 Constantinopolitani
646 2559 753 2618 amicis
769 2571 800 2617 et
818 2557 1018 2617 familiaribus
1037 2559 1101 2618 suis

89 2649 147 2710 <lare
169 2670 401 2731 consueverant,
425 2657 549 2734 sanguis
569 2658 662 2716 etiem
683 2657 735 2733 qui
753 2657 885 2717 mirabili
904 2655 1045 2733 prodigio
1063 2657 1101 2715 de

90 2752 206 2828 ymagine
220 2755 345 2815 Domini
359 2773 505 2832 percusse
514 2756 639 2831 effluxit,
651 2756 779 2815 cathena
794 2773 854 2832 qua
865 2755 948 2814 idem
963 2755 1102 2814 Salvator

91 2845 180 2922 ligatus
192 2850 255 2927 iuit,
266 2855 375 2913 tabula
388 2854 519 2930 quedam
531 2871 633 2930 quam,
649 2871 719 2912 cum
734 2854 939 2930 deponeretur
952 2851 1102 2910 Dominus

91 2945 122 3002 dt
132 2965 219 3024 cruce,
233 2953 299 3027 ejus
312 2951 409 3011 iacies
422 2951 533 3028 tetigit,
543 2951 621 3028 lapis
635 2951 761 3027 quidam
769 2968 896 3028 magnus
908 2949 947 3008 de
962 2947 1102 3024 sepulcro

92 3040 179 3120 ipsius,
191 3048 317 3132 delecte
340 3067 464 3124 quoque
478 3039 696 3124 gloriosissime
704 3048 839 3125 Virginis
848 3047 954 3107 matris
964 3048 1040 3122 ejus,
1050 3063 1102 3105 su·

93 3142 249 3221 periorpars
261 3147 373 3224 capitis
384 3147 519 3223 Baptista
529 3145 756 3224 etprccursoris
770 3147 895 3220 Christi,
906 3157 998 3223 caput
1007 3144 1103 3205 sancti

95 3237 181 3316 liltsii,
194 3258 282 3320 ceput
301 3245 397 3306 mam
414 3244 511 3304 sancti
530 3245 706 3317 Clementis,
728 3261 798 3304 cum
814 3244 915 3322 capite
935 3242 1103 3304 beatissimi

97 3333 244 3410 symeonis.

124 3433 180 3494 lieo
201 3440 300 3499 omnia
321 3442 362 3500 de
379 3439 646 3517 Constantinopoli
663 3457 719 3517 per
737 3441 913 3500 mandatum
927 3451 958 3499 et
972 3437 1105 3500 auctori·

97 3542 171 3593 tatem
182 3536 193 3569 ³
204 3538 331 3612 predicti
350 3537 542 3615 imperatoris
564 3539 694 3614 sublata,
711 3539 811 3599 dictus
824 3537 926 3598 Guido
941 3537 973 3596 in
985 3536 1104 3613 Syriam
1203 3607 1212 3622 ι

99 3627 195 3702 detulit,
217 3647 305 3710 atque
325 3634 409 3707 inde,
432 3647 466 3692 ut
488 3633 604 3693 dictum
625 3647 679 3704 est,
700 3652 762 3693 une
784 3653 855 3694 cum
876 3631 1104 3709 preciosissimo

99 3728 178 3786 crocis
190 3733 295 3792 vexillo
310 3733 352 3792 ad
365 3731 516 3808 prefatum
530 3750 632 3810 regem
647 3733 775 3792 Francie
789 3731 967 3809 deportavit.
984 3731 1105 3802 Quibus

100 3821 229 3888 humiliter
240 3845 270 3892 et
279 3833 389 3892 eadem
400 3845 430 3892 et
439 3833 548 3908 majori
558 3832 636 3908 qua‘
648 3833 686 3891 de
702 3830 893 3892 sanctissima
905 3830 1026 3888 Corona
1039 3828 1105 3888 dic-

101 3933 201 3986 tumest
213 3931 382 3990 reverentia
399 3943 429 3990 et
447 3929 670 4006 sollempnitate
690 3931 853 3989 abeodem
875 3947 945 4006 rege
963 3926 1105 4002 receptis,

103 4033 125 4078 et
145 4026 294 4088 constituta
321 4029 373 4087 die
399 4028 624 4088 confluentibus
650 4028 787 4104 undique
814 4039 845 4086 et
876 4027 1106 4087 accurrentibus

103 4121 201 4194 l⁰pulis
221 4126 252 4186 in
275 4129 347 4188 loco
368 4128 407 4188 ad
426 4127 485 4188 hoc
504 4139 588 4189 extra
609 4126 762 4187 civitatem
783 4125 986 4185 Parisieasern
1000 4135 1106 4202 parato

132 4335 149 4372 ¹·
164 4323 310 4384 Prwiderat
320 4331 521 4399 [Charierllle1.
667 4331 692 4386 3.
703 4331 763 4384 Fol.
781 4331 829 4400 ¹73
842 4341 880 4396 w,
892 4331 945 4384 col.
958 4345 984 4382 a.

133 4423 152 4460 ²·
164 4413 223 4468 Ced
235 4435 248 4470 a
262 4419 397 4475 frustrum
412 4441 434 4472 ι.
662 4436 690 4487 4.
702 4421 796 4486 Quam
811 4418 1011 4487 [Charleville1.
