3130 5514
434 654 478 702 tn
502 652 624 704 saturn
648 653 760 703 rauce
1055 637 1116 707 153

64 917 198 974 gruum
214 894 392 972 dispositum
416 903 521 951 sancto
542 892 599 950 Dei
618 892 752 951 Ecclesia
775 893 920 952 ellectum
940 895 1119 972 susceperit,

67 1000 151 1074 ipse
170 996 302 1073 princeps
313 993 545 1069 Apostolorum,
560 993 668 1051 beatus
680 993 800 1066 Petrus,
816 1007 886 1054 ante
904 995 1039 1054 tribunal
1049 995 1120 1052 Om-

70 1095 249 1173 nipotentis
267 1091 460 1152 clementiam
474 1108 531 1166 pro
549 1103 648 1149 vestra
663 1091 809 1166 sospitate
821 1105 912 1169 atque
926 1093 1119 1170 longevitate

74 1207 112 1253 et
143 1193 337 1264 exultatione,
365 1209 383 1248 a
411 1189 477 1246 Deo
506 1187 669 1246 confortati
697 1190 780 1264 regni
807 1191 897 1250 vestri
929 1193 1117 1266 deprecetur.

75 1293 272 1368 magnopere
288 1291 370 1348 enlm
385 1287 551 1346 direximus
574 1287 656 1362 apud
673 1288 813 1346 Vestram
825 1289 967 1347 eximiam
986 1289 1117 1348 Praecel-

77 1390 222 1460 lentiam,
235 1390 266 1447 id
280 1401 327 1448 est
345 1388 632 1446 reverendissimum
646 1401 675 1447 et
684 1390 909 1448 sanctissimum
920 1391 1042 1449 fratrem
1052 1409 1122 1448 nos·

75 1501 170 1547 trum
185 1488 358 1562 Philippum
369 1487 561 1545 etllndrearn
572 1487 732 1564 episcopos
745 1507 798 1547 seu
808 1489 1122 1547 Theodorumducem

79 1601 236 1657 nostrum,
245 1585 358 1660 quibus
372 1597 402 1642 et
416 1583 448 1642 in
461 1601 515 1642 ore
529 1585 689 1659 posuimus
703 1599 736 1644 ut
745 1587 862 1645 Vestrae
873 1605 890 1644 a
901 1587 966 1644 Deo
976 1598 1121 1661 protectae

80 1683 282 1743 Excellentiae
297 1681 444 1740 minutius
457 1700 598 1740 enarrare
608 1683 753 1756 debcaot;
763 1685 874 1760 quibus
886 1697 916 1743 et
928 1684 971 1742 eis
983 1685 1015 1742 in
1024 1685 1122 1742 omni-

81 1785 149 1841 bus
159 1784 280 1841 credere
290 1779 438 1851 debeatis,
450 1793 480 1838 et
492 1781 581 1839 solita
592 1781 776 1857 benignitate
787 1800 838 1841 eos
857 1781 1011 1856 suscipere
1024 1783 1124 1856 jubes·

82 1881 140 1950 tis,
153 1898 208 1956 pro
222 1897 326 1937 amore
340 1876 468 1936 fautoris
482 1878 575 1936 vestri
597 1879 678 1937 beati
699 1880 781 1938 Petri
795 1880 936 1956 apostoli,
950 1893 984 1938 ut
998 1882 1071 1940 dum
1086 1883 1124 1940 ud

83 1998 146 2038 nos
168 1979 279 2038 reversi
303 1977 417 2039 luerint
438 1999 508 2038 cum
530 1981 640 2040 ellectu
668 2001 780 2055 causre,
805 1996 875 2042 ante
901 1981 1124 2042 confessionem

84 2077 184 2152 ipsius
206 2077 263 2134 Dei
279 2077 409 2152 apostoli
435 2096 504 2136 cum
529 2079 672 2138 omnibus
687 2081 839 2156 episcopis
860 2095 890 2140 et
905 2080 1123 2152 sacerdotibus,

84 2188 177 2250 atque
200 2187 311 2233 cuncto
333 2175 427 2247 clero,
446 2189 564 2248 senatu,
580 2189 609 2235 et
631 2178 774 2236 universo
797 2191 903 2238 nostro
925 2179 1050 2254 populo,
1068 2195 1123 2252 pro

82 2287 184 2334 vestra
199 2273 348 2348 sospitate
362 2283 453 2345 atque
471 2271 664 2346 longaevitate
678 2285 709 2330 et
723 2274 908 2332 exaltatione
928 2274 1013 2351 regni
1032 2273 1124 2331 vestri

85 2372 220 2432 Domino
231 2371 360 2430 fundere
371 2369 526 2427 valeamus
540 2387 656 2444 preces,
670 2383 703 2428 ut
716 2371 788 2430 aevis
800 2372 988 2448 temporibus
996 2370 1124 2428 Eximic·

84 2483 179 2527 tatem
193 2469 336 2527 Vestram
349 2483 528 2526 conservare
543 2467 695 2544 dignetur,
702 2470 741 2528 ad
754 2470 968 2529 exaltationem
981 2469 1126 2546 spiritalis

86 2566 191 2626 matris
205 2581 315 2626 vestrae
336 2579 448 2625 sanctae
464 2566 520 2624 Dei
537 2568 679 2624 Romanu
696 2567 852 2640 Ecclesiae,
868 2580 898 2626 et
915 2567 994 2626 sicut
1007 2580 1127 2626 terrena

86 2667 196 2740 gaudia
208 2665 339 2741 largitus
354 2677 410 2734 est,
421 2663 463 2723 ita
477 2677 507 2722 et
521 2663 659 2722 coelestia
672 2664 786 2724 tribuat
800 2665 994 2740 sempiterna.
1009 2665 1128 2723 Incolu-

88 2782 166 2822 mem
182 2763 408 2823 Excellentiam
422 2763 561 2821 Vestram
575 2763 671 2838 gratia
686 2781 817 2838 superna
832 2764 993 2823 custodiat.

177 2878 416 2946 [Patrotog.1at.,
429 2887 448 2928 t.
463 2876 585 2940 xcvur,
597 2877 661 2928 cor.
677 2876 816 2944 304·307.]

593 3071 640 3142 34.

389 3196 541 3254 Donation
558 3196 832 3256 Constantinienne.

123 3363 212 3400 «....
231 3341 295 3397 Pro
310 3355 372 3412 quo
388 3338 586 3397 concedimus
601 3339 675 3416 ipsis
688 3340 802 3400 sanctis
816 3341 983 3418 Apostolis,
998 3341 1131 3401 dominis

90 3439 165 3498 meis
179 3435 369 3497 beatissimis
381 3437 472 3494 Petro
483 3449 513 3495 et
528 3437 633 3507 Paulo,
646 3450 677 3496 et
688 3455 743 3514 per
756 3457 808 3498 eos
820 3439 911 3498 etiam
925 3442 1013 3498 beato
1024 3439 1133 3499 Silves-

89 3553 138 3599 tro
150 3535 232 3615 patri
245 3547 364 3607 nostro,
381 3553 501 3592 summo
515 3535 663 3610 pontifici,
679 3549 709 3595 et
722 3537 903 3596 universalis
922 3537 1007 3596 urbis
1027 3539 1132 3598 Rornae

91 3655 189 3714 papae,
205 3649 237 3694 et
252 3633 397 3694 omnibus
415 3633 480 3708 ejus
504 3633 730 3691 successoribus
744 3635 952 3709 pontificibus,
969 3636 1021 3712 qui
1035 3653 1132 3710 usque

93 3735 127 3794 in
140 3735 233 3794 finem
254 3730 373 3803 mundi,
387 3730 418 3788 in
435 3731 506 3788 sede
530 3731 610 3788 beati
636 3731 717 3790 Petri
738 3745 826 3790 erunt
850 3733 973 3805 sessuri,
990 3747 1080 3810 atque
1095 3737 1133 3794 de

92 3831 239 3910 prresenti
258 3828 468 3888 contradimus
485 3828 633 3904 palatium
656 3829 774 3904 imperii
797 3829 894 3888 nostri
917 3831 1131 3908 Lateranense,

95 3931 178 4007 quod
192 3927 338 3987 omnibus
352 3927 385 3986 in
397 3941 464 3986 toto
479 3929 554 3986 orbe
566 3941 716 3986 terrerum
730 3929 889 4005 prefertur
902 3942 993 4006 atque
1006 3932 1134 4006 praecel-

96 4029 132 4088 lit
148 4029 271 4105 palatiis
287 4027 419 4086 :deinde
433 4027 584 4097 diadema,
598 4027 739 4086 videlicet
750 4045 894 4086 coronam
904 4029 1011 4104 capitis
1027 4030 1133 4103 nostri,

97 4127 249 4202 simulque
264 4123 436 4201 phrygium,
452 4123 539 4182 idest
550 4125 683 4196 mitram,
697 4143 816 4184 necnon
832 4139 862 4184 et
876 4127 1134 4201 superhumerale,

98 4224 240 4283 videlicet
255 4223 356 4282 lorum
370 4223 453 4298 quod
476 4223 633 4298 imperiale
657 4222 846 4281 circumdare
865 4225 977 4284 assolet
998 4225 1134 4284 collum:

98 4341 203 4380 verum
236 4319 329 4380 ctiam
364 4333 395 4379 et
424 4321 614 4396 chlamydem
648 4337 844 4396 purpuream,
880 4335 971 4398 atque
1001 4322 1135 4382 tunicam

100 4421 286 4492 coccineam,
298 4431 327 4476 et
353 4417 456 4476 omnia
470 4417 627 4494 imperalia
645 4417 837 4493 indumenta,
853 4437 907 4480 seu
922 4419 1014 4481 etiam
1037 4420 1136 4496 digni·
