3130 5514
389 565 435 612 La
457 559 580 612 snmus
603 559 715 610 Lance

536 933 570 991 31

135 1109 204 1190 Bres
216 1110 391 1171 d’Inrtocertt
409 1111 454 1172 VI
465 1129 545 1190 pour
562 1109 664 1192 lasere
685 1111 720 1170 de
731 1110 762 1168 la
777 1109 873 1170 sainte
884 1107 985 1168 mace

75 1198 238 1287 fflicmcgne
249 1220 279 1267 et
288 1227 376 1288 pour
387 1207 491 1288 i'office
507 1209 651 1268 demanda
663 1225 724 1286 por
740 1205 868 1267 Charias
888 1206 908 1264 1
911 1206 938 1264 V
948 1203 1071 1281 (1353).

96 1373 266 1438 Innocentius
280 1381 450 1458 episeopus
464 1381 573 1440 servus
588 1380 753 1439 Servorum
767 1381 833 1454 Dei,
848 1383 1074 1442 venerabilibus

71 1467 181 1530 linibus
200 1475 355 1536 universis
380 1476 627 1554 Archiepiscopis
647 1489 677 1536 et
700 1478 860 1554 Episcopis
883 1497 938 1556 per
956 1481 1074 1539 Alama-

71 1566 129 1624 niun
148 1583 174 1628 et
187 1572 369 1634 bohemiam
381 1575 565 1650 constitutis,
580 1575 752 1634 salutemet
767 1577 966 1652 apostolicam
982 1579 1075 1637 bene-

71 1663 210 1727 dictionem
231 1673 265 1730 ln
292 1673 510 1750 Redemptoris
529 1673 625 1732 nostri
652 1673 775 1732 Domini
798 1675 867 1733 lesu
891 1675 1004 1734 Christi
1022 1693 1077 1750 per

69 1778 135 1834 quent
147 1767 244 1828 salvati
264 1785 295 1831 et
311 1771 436 1832 liberati
451 1790 566 1844 sumus,
580 1771 785 1832 sacratissima
799 1774 940 1850 passione
957 1775 1000 1833 sic
1019 1792 1076 1833 nos

68 1860 162 1930 8¹⁰riari
180 1882 310 1943 oportet,
335 1883 372 1930 ut
390 1870 486 1946 ipsius
508 1869 660 1944 passionis
687 1883 797 1929 cuncta
820 1872 963 1948 mysteria
986 1872 1076 1930 dinu-

68 1973 187 2022 uemntes
200 1980 230 2026 et
247 1968 418 2044 imitantes,
434 1970 466 2029 in
485 1969 612 2046 singulis
632 1969 723 2028 etiam
740 1971 806 2046 ejus
827 1971 1010 2029 salutaribus
1029 1969 1076 2028 in-

68 2063 210 2122 strumentis
224 2079 254 2124 et
267 2067 423 2128 fructibus
439 2066 614 2143 gloriemur.
631 2067 714 2126 lnter
733 2085 802 2142 quae
823 2067 899 2126 illud
918 2067 1077 2126 celebriter

67 2163 264 2222 uenerandum
278 2180 336 2240 est,
353 2166 438 2241 quod
452 2165 516 2240 ipse
528 2165 674 2234 Salvator,
688 2164 800 2223 emisso
810 2165 842 2223 in
852 2183 941 2224 cruce
951 2169 1010 2240 lam
1022 2165 1077 2240 spi·

68 2251 119 2324 ritu,
133 2261 268 2322 sustinuit
282 2263 433 2340 perforari
453 2263 558 2321 lancea
574 2263 654 2321 latus
668 2281 768 2336 suum,
783 2277 817 2323 ut
836 2264 907 2324 inde
921 2263 1077 2339 sanguinis

67 2361 171 2426 tttqute
185 2361 414 2434 profluentibus
428 2361 518 2420 undis
531 2361 713 2420 formaretur
727 2362 817 2421 unica
832 2375 861 2422 et
871 2362 1076 2434 immaculata,

67 2461 92 2502 ³0
107 2451 180 2528 virgo
202 2473 309 2520 saneta
332 2471 430 2518 mater
453 2459 590 2519 Ecclesia
614 2477 726 2536 sponsa
753 2478 820 2520 sua.
848 2461 874 2519 0
903 2459 1079 2518 beatissima

65 2541 140 2616 ipsius
153 2555 226 2612 sacri
249 2557 357 2617 lateris
376 2569 528 2632 apertura,
543 2557 624 2615 unde
647 2556 735 2614 nobis
756 2569 803 2615 tot
815 2569 845 2614 et
863 2569 947 2616 tanta
967 2555 1078 2614 divinae

66 2641 164 2712 Pietatis
177 2651 255 2713 dona
277 2657 443 2728 fluxerunt,
467 2655 539 2713 hinc
562 2655 713 2730 siquidem
735 2666 846 2712 nostrae
861 2653 1079 2730 redemptionis

65 2743 181 2820 tretium,
211 2751 285 2814 hinc
318 2753 484 2812 ablutionis
507 2765 537 2810 et
556 2751 794 2828 regenerationis
817 2753 980 2826 lavacrum,
1009 2751 1079 2810 hinc

66 2833 143 2908 insius
157 2847 299 2911 Ecclesiae
313 2863 502 2910 sacramenta
517 2851 715 2926 suscepimus.
732 2851 759 2908 0
776 2851 846 2908 lelix
865 2853 994 2921 Lancea,
1011 2867 1080 2925 quae

66 2945 100 2992 tot
117 2939 189 3000 bona
209 2950 301 3008 nobis
325 2947 443 3007 efficere
467 2961 496 3006 et
518 2949 557 3006 ad
571 2948 649 3007 tanti
668 2949 813 3024 triumphi
828 2949 954 3024 gloriam
970 2947 1080 3006 meruit

67 3041 222 3118 iulenddh
237 3048 306 3107 haec
324 3049 443 3106 Lancea
459 3047 539 3106 latus
553 3047 653 3122 ipsum
664 3047 827 3122 aperiendo
842 3047 1079 3120 sanctissimum,

64 3125 151 3198 lunas
173 3145 261 3204 nobis
285 3146 373 3222 regni
394 3146 528 3204 coelestis
554 3146 687 3221 aperuit;
714 3145 780 3204 haec
807 3145 995 3204 vulnerando
1020 3145 1081 3220 jam

66 3241 207 3314 nonnum,
221 3246 351 3304 vulnera
365 3257 469 3303 nostra
484 3243 610 3315 sanavit,
625 3244 780 3319 vitamque
800 3243 890 3302 nobis
905 3243 1037 3302 reddidit
1051 3255 1081 3302 et

66 3325 182 3394 salntem
199 3340 275 3401 Haec
295 3341 454 3400 innoxium
474 3341 692 3418 transfigendo,
704 3342 787 3400 illius
810 3341 956 3418 sanguine
978 3341 1082 3416 culpas

67 3435 167 3490 nostras
180 3437 333 3511 abstersit,
350 3451 380 3497 et
398 3439 520 3498 demum
533 3439 650 3499 eisdem
670 3439 760 3498 undis
780 3439 993 3499 sacratissimis
1011 3437 1080 3496 irri-

66 3523 140 3599 gavit,
152 3536 296 3596 cecitatis
316 3551 429 3596 nostrae
443 3539 585 3596 tenebras
600 3539 732 3610 sustulit,
742 3551 772 3596 et
793 3555 849 3596 nos
862 3537 957 3613 ipsius
971 3535 1082 3594 divine

66 3617 169 3688 tinans
190 3632 292 3694 fluviis
315 3633 482 3694 inundavit.
507 3635 616 3710 Illique
644 3635 735 3694 etiarn
761 3635 866 3693 dulces
890 3633 989 3704 Clavi,
1013 3651 1083 3692 cum

67 3717 161 3788 quibus
181 3729 246 3806 ipse
274 3731 413 3791 Salvator
436 3732 534 3790 eidem
558 3733 649 3791 Cruci
669 3733 725 3792 fuit
748 3731 864 3802 affixus,
884 3731 997 3807 quique
1020 3749 1083 3790 non

67 3815 151 3878 solum
170 3829 232 3902 ejus
255 3829 452 3888 immaculato
476 3830 608 3906 respergi
632 3829 789 3906 sanguine,
814 3843 844 3888 et
869 3830 980 3888 molem
1007 3827 1084 3886 serre

66 3918 130 3974 tanti
146 3929 287 3996 ponderis
301 3941 486 4000 meruerunt,
498 3929 551 3987 sed
565 3941 594 3986 et
609 3947 666 3987 nos
681 3929 772 3987 etiam
786 3946 840 4004 per
856 3927 992 4004 ipsorum
1007 3927 1085 3984 salu·

67 4007 155 4077 tileras
172 4026 276 4103 plagas
289 4026 481 4086 dulcedinem
494 4039 611 4085 tantam
623 4027 720 4103 ipsius
736 4026 847 4084 divina
870 4024 1024 4084 charitatis
1039 4041 1085 4082 ac·

67 4113 195 4196 celitatus,
205 4138 240 4182 ut
254 4141 362 4182 manus
377 4136 490 4182 nostrae
504 4123 650 4198 apeccati
665 4123 772 4182 solutae
784 4121 923 4196 nexibus,
932 4121 1086 4197 pedesque

70 4214 180 4276 nostrin
193 4220 300 4280 mortis
313 4219 424 4294 laqueo
438 4219 550 4280 fuerint
563 4221 693 4295 liberati,
704 4233 774 4280 sunt
788 4219 982 4280 devotissime
997 4236 1082 4278 reco-

69 4299 147 4370 leudi,
162 4315 244 4388 Quid
258 4317 340 4378 enim
353 4319 478 4380 vulnere
492 4333 523 4380 et
544 4318 641 4396 plagis
655 4318 830 4396 hujusmodi
849 4319 994 4394 sanctina,
1009 4317 1084 4394 quid
