2924 5364
225 106 294 181 tBe
411 127 521 178 noras
542 125 588 178 m
608 112 738 180 mouns
759 115 1065 194 mcunoiootouas

223 218 1202 272 .....-......-..-....-..s

219 369 352 445 l’lstrie',
367 369 425 454 qui
438 369 486 433 lui
508 383 699 454 supportent
721 387 762 431 en
776 367 888 446 Sicile‚
902 368 951 432 les
965 373 1109 454 presente
1118 346 1226 456 qnifl'¹

221 478 341 544 etaient
353 478 508 542 destines.
527 479 579 541 En
599 476 685 542 voici
699 477 974 541 l'enumeration:

252 692 395 769 Ampulla
417 711 479 750 una
501 709 539 751 ex
563 691 663 767 lapide
684 691 829 751 onichino
851 694 889 753 de
913 693 1078 753 salvatoris
1097 694 1210 770 sanguen

216 790 316 872 plena.
332 790 494 848 Crucicula
511 807 572 848 una
591 806 628 847 ex
645 807 719 846 auro
732 802 763 848 et
781 793 940 865 gemmulis
954 793 1125 866 fabrefacta,
1139 791 1212 852 oonti·

216 907 295 950 nens
306 908 444 948 cruorem
456 890 525 965 Xpi,
541 907 595 965 per
608 902 739 964 quatuor
752 903 852 965 partes
866 889 1034 964 inclusum;
1049 891 1122 950 etin
1137 889 1212 949 me&

215 989 440 1068 portiunculam
454 989 528 1064 ligni
543 988 676 1045 Domini.
688 988 775 1044 Hanc
786 988 913 1045 eandem
927 989 1144 1062 cruciculam,o
1155 991 1214 1047 bone

216 1086 384 1156 ihesu‚tuis
390 1087 481 1144 modo
487 1085 689 1162 Augiensibus
699 1085 737 1142 ad
749 1086 874 1143 tutelam
884 1099 915 1144 et
927 1087 1067 1144 solatium
1076 1088 1161 1147 nostri
1168 1086 1213 1146 nit·

215 1195 279 1242 tere
292 1183 434 1260 dignatus
448 1201 495 1255 es;
507 1183 545 1241 sit
559 1183 624 1254 tibi,
641 1184 717 1257 Xpe,
728 1183 824 1257 gloria
834 1183 969 1258 lausque.
985 1185 1095 1258 Spinea
1107 1187 1211 1258 Corona,

214 1299 284 1357 quae
293 1296 384 1359 caput
397 1283 526 1340 amabile
542 1281 750 1356 Redemptoris
766 1283 861 1338 nostri
871 1283 1030 1357 complexa
1042 1298 1095 1342 est.
1103 1285 1175 1342 Unus
1184 1284 1211 1340 de

214 1379 318 1438 Clavis
341 1381 394 1458 qui
418 1381 612 1440 delectabiles
625 1380 685 1454 Xpi
705 1379 848 1437 articulos
870 1381 1072 1456 configebant.
1094 1384 1134 1441 De
1150 1381 1209 1456 ligno

215 1495 338 1553 quoque
353 1479 486 1551 Domini,
506 1479 537 1536 in
556 1496 617 1552 quo
631 1477 769 1553 preciosa
781 1477 840 1552 Xpi
854 1481 989 1536 membra
1001 1478 1208 1554 pendebantile

214 1575 376 1652 sepulchro
391 1575 525 1646 Domini,
539 1575 621 1649 quod
636 1574 790 1633 salutifero
800 1575 858 1650 Xpi
874 1579 1067 1651 corpusculo,
1085 1589 1209 1634 consecra·

213 1685 280 1731 tum
305 1683 362 1729 est.
379 1672 494 1728 Praeter
507 1670 625 1727 diversa
643 1670 734 1728 etiam
745 1685 908 1746 unguenta,
923 1673 986 1730 sive
1000 1673 1207 1748 pigmentam
1314 1658 1336 1667 ”

211 1771 323 1830 ueteris
346 1789 470 1846 quoque
497 1771 672 1829 muneribus
698 1772 798 1845 variis,
814 1772 925 1846 quibus
950 1774 1103 1849 Augustus
1125 1768 1206 1832 feste
1262 1806 1267 1829 .
1308 1832 1318 1841 ,

211 1869 346 1929 donatus
360 1882 416 1929 est.

253 2075 302 2140 M.
327 2075 481 2158 Marquet
503 2075 544 2138 de
569 2074 718 2138 Vasselot
739 2075 798 2158 qui
826 2095 844 2139 a
871 2077 935 2139 tres
957 2077 1226 2142 consciencieuse

212 2197 304 2248 ment
330 2182 440 2246 etudie
467 2201 503 2245 ce
530 2200 664 2265 passage
692 2181 701 2208 ¹
726 2183 831 2245 releve
857 2184 905 2246 les
929 2177 1240 2250 invraisemblenc⁶⁸
1338 2238 1343 2249 .

210 2290 293 2373 qu'il
315 2305 471 2374 ytrouve
492 2288 709 2352 accumulees.
734 2288 798 2371 ily
819 2288 888 2350 voit
910 2287 941 2351 le
964 2273 1254 2358 travestissemefll

208 2397 269 2460 des
291 2397 453 2479 echanges
467 2397 508 2459 de
522 2397 665 2459 cadeaux
679 2412 768 2459 entre
780 2396 1019 2480 Charlemagne
1043 2415 1076 2462 et
1098 2400 1223 2464 Haroffl
1239 2381 1265 2431 Ψ

208 2504 256 2567 al·
259 2503 403 2569 Raschtd
418 2504 458 2566 de
478 2503 675 2587 786l808:
696 2502 721 2565 ll
735 2519 843 2584 ajoute
864 2523 928 2586 que
948 2505 1010 2568 «le
1032 2523 1201 2573 narrateur
1264 2483 1279 2528 ⁸
1341 2498 1343 2505 ’

209 2609 272 2673 ele
293 2611 398 2693 grand
420 2625 486 2674 tort
508 2611 548 2673 de
573 2609 783 2673 mentionner
804 2609 909 2693 parmi
935 2610 982 2673 les
1007 2612 1151 2696 reliques
1174 2573 1288 2680 sos

207 2716 351 2781 «disant
365 2720 536 2799 apportees
557 2735 615 2798 par
631 2716 772 2794 Hassan,
789 2715 821 2779 la
836 2717 1016 2780 Couronne
1037 2718 1184 2802 d’epines
1205 2687 1297 2784 ί

208 2821 288 2886 eles
315 2823 420 2888 Clous
439 2824 480 2885 de
503 2823 535 2886 la
557 2823 706 2898 Pession,
725 2824 793 2905 qui,
810 2823 880 2886 ila
902 2823 947 2886 fin
971 2825 1016 2887 du
1035 2836 1105 2888 viu·
1126 2827 1302 2899 siecled

208 2947 263 2989 un
265 2929 520 3011 'appartenaient
542 2929 618 3012 plus
633 2949 695 2992 aux
713 2928 875 3010 infideles,
898 2950 940 2992 vu
965 2950 1008 3013 qu
1012 2930 1102 2995 ’elles
1117 2903 1307 2998 &aiens

209 3040 432 3097 «conservees
456 3036 474 3098 ὲ
501 3037 650 3117 Byzance
669 3052 699 3099 et
723 3037 740 3099 ὲ
761 3037 867 3100 Rome
890 3037 1006 3119 depuis
1023 3055 1138 3121 quatre
1162 3018 1309 3105 cents

207 3157 416 3224 «cinquante
436 3162 495 3205 ans
512 3166 542 3205 u.

241 3363 266 3401 ι.
292 3348 335 3400 La
366 3350 612 3417 croix-reliqueire
648 3352 685 3403 du
765 3353 792 3402 la
806 3353 883 3418 copie
897 3353 935 3403 du
951 3353 1103 3403 manuscrit
1124 3353 1159 3406 de
1175 3355 1238 3407 Rei-

209 3434 311 3488 Trlsor
328 3437 363 3489 de
382 3438 549 3503 Reicheneu,
573 3441 642 3491 dans
657 3441 684 3491 la
765 3441 872 3492 chenau
908 3458 962 3509 que
998 3445 1033 3494 M.
1060 3445 1178 3509 Holder,
1213 3447 1238 3497 le

205 3523 299 3576 Revue
319 3528 537 3596 archlologique,
560 3544 626 3596 1900
643 3530 682 3595 (ι),
764 3541 859 3580 savant
884 3542 1077 3583 conservateur
1096 3534 1174 3587 dela
1199 3536 1238 3587 bi·

205 3625 234 3675 p.
253 3609 313 3676 176.
328 3612 359 3662 ie
372 3614 443 3664 tiens
465 3616 480 3664 a
498 3618 637 3681 exprimet
647 3620 681 3669 ici
764 3617 924 3684 bliotheque
962 3623 1170 3686 grand-ducale
1203 3625 1236 3674 de

206 3707 269 3750 tous
309 3713 368 3750 mes
406 3702 631 3755 remerciements
666 3707 681 3756 a
762 3708 924 3770 Karlsruhe‚
942 3712 1014 3762 avait
1035 3712 1135 3777 prisia
1155 3712 1233 3778 peine

206 3787 242 3837 Μ.
264 3787 391 3853 Marquet
409 3790 442 3840 de
461 3789 587 3842 Vnsselot
601 3794 680 3858 quia
761 3797 846 3848 delui
864 3812 993 3865 envoyer.

206 3873 270 3926 bien
292 3877 377 3927 voulu
398 3890 443 3926 me
465 3878 681 3946 communiquer
