3130 5514
604 639 667 710 132
789 655 897 706 sosas
921 655 963 706 ar
986 639 1116 704 atuotss
1139 639 1449 717 atcaaotootouat

1074 1122 1158 1196 1098.

636 1251 671 1310 C.
686 1269 768 1311 arur.
784 1283 819 1298 -
834 1253 915 1312 Inter
931 1251 997 1310 baec
1011 1250 1102 1310 etiam
1120 1246 1247 1323 contigit
1260 1263 1278 1306 a
1292 1247 1437 1322 quodam

602 1346 660 1404 niri
681 1347 842 1418 bauconus,
853 1347 1004 1406 defossam
1025 1347 1082 1404 sub
1102 1345 1275 1419 pavimento
1295 1345 1440 1402 basilicae

601 1444 749 1520 apostoli,
769 1463 838 1522 quae
858 1445 889 1504 in
907 1443 1071 1503 Antiochia
1097 1461 1114 1500 a
1132 1442 1240 1518 priscis
1258 1442 1449 1518 temporibus

602 1543 820 1620 magnitudinis
832 1558 862 1602 et
870 1561 961 1620 opere
973 1543 1051 1600 miro
1060 1541 1206 1600 fabricata
1219 1553 1274 1612 est,
1287 1557 1422 1614 eamque
1439 1557 1449 1598 c

602 1641 691 1718 ginus
706 1641 785 1700 latus
800 1641 913 1700 Cbristi
931 1639 1095 1716 perforavit
1109 1655 1176 1696 esse
1195 1637 1364 1708 asserebat,
1387 1636 1449 1710 adji

603 1758 620 1800 a
635 1753 740 1800 sancto
754 1739 875 1798 Andrea
894 1737 1034 1814 apostolo
1053 1735 1098 1794 illi
1116 1735 1288 1812 pervisum
1307 1735 1449 1794 revolatu

602 1839 683 1898 trino
702 1839 837 1916 ejusdem
861 1837 991 1916 apostoli
1009 1835 1226 1896 ammonitione
1245 1833 1415 1910 contigisse
1435 1853 1449 1890 u

603 1941 647 2000 sic
674 1941 706 1999 in
733 1941 907 2016 pavimento
932 1937 1085 1996 defossam
1110 1935 1268 1994 inveniret.
1293 1935 1390 2004 Quod
1415 1953 1449 2008 qu

603 2039 734 2116 gloriose
746 2050 776 2096 et
789 2033 948 2112 magnifice
963 2051 980 2092 a
994 2033 1109 2110 populo
1131 2033 1163 2090 in
1181 2031 1301 2108 signum
1324 2031 1449 2090 victoris

603 2149 659 2198 est.
675 2137 740 2194 Nec
754 2134 851 2194 multo
860 2144 940 2208 post,
953 2131 1092 2208 praelium
1106 2141 1212 2189 contra
1226 2128 1331 2188 hostes
1345 2127 1427 2186 inire
1442 2147 1449 2186 t

602 2238 788 2298 tularerunt.

697 2357 792 2426 [Gesta
824 2355 994 2410 Francorum
1027 2355 1195 2409 iterarem
1221 2355 1449 2424 expugnantium]

664 2453 797 2508 occideret.
810 2451 859 2506 des
869 2450 1025 2516 Croisader,
1033 2461 1052 2504 t.
1062 2449 1110 2517 ΙΙΙ,
1122 2467 1149 2518 p.
1162 2449 1233 2518 Son]

1084 2683 1165 2742 1099.

639 2819 675 2880 C.
689 2839 771 2880 navt.
785 2851 821 2866 -
835 2821 910 2880 Orta
923 2831 970 2880 est
987 2819 1079 2878 etiam
1093 2819 1125 2878 in
1143 2817 1305 2878 obsidione
1323 2818 1381 2876 hac
1400 2819 1449 2891 [Ar

604 2917 701 2978 tentio
715 2919 753 2976 de
765 2919 895 2990 Lancea,
911 2934 980 2992 quae
994 2917 1116 2976 inventa
1125 2915 1223 2974 fuerat
1233 2917 1289 2974 sub
1298 2915 1449 2992 periment

605 3015 637 3074 in
650 3015 814 3074 Antiochia
828 3015 959 3074 civitate.
975 3013 1124 3074 Dicebant
1138 3013 1219 3072 enim
1237 3013 1362 3088 quidam
1380 3031 1442 3070 non

605 3130 665 3188 qua
689 3111 844 3188 Longinus
867 3113 947 3172 latus
969 3111 1135 3172 Salvatoris
1155 3121 1372 3186 penetraverat,
1392 3129 1449 3186 quo

605 3209 902 3284 Constantinopolim
928 3209 1114 3268 dimiserant.
1143 3208 1254 3266 Comes
1273 3224 1343 3264 vero
1364 3206 1449 3264 Raim

604 3327 672 3369 eam
687 3311 719 3368 in
731 3327 840 3386 magua
853 3309 1049 3370 veneratione
1058 3309 1199 3380 babebat,
1214 3321 1245 3366 et
1256 3307 1288 3366 in
1302 3308 1386 3382 cujus
1398 3325 1449 3366 cns

605 3409 704 3480 batur,
718 3408 815 3483 ipsam
829 3423 896 3466 esse
908 3397 1074 3468 asserebat.
1093 3405 1262 3482 Episcopus
1275 3421 1347 3464 vero
1363 3407 1449 3463 Barer

605 3504 797 3578 expeditione
824 3516 897 3563 tunc
922 3517 996 3576 erat,
1024 3503 1136 3578 aliique
1155 3503 1269 3578 piures,
1285 3503 1366 3578 quod
1388 3501 1449 3576 ipsa

605 3599 823 3673 existimantes,
838 3600 1088 3676 adjudicaverunt
1110 3613 1145 3658 ut
1168 3599 1193 3656 is
1216 3599 1269 3674 qui
1289 3616 1353 3656 eam
1367 3597 1449 3656 inven

604 3697 717 3758 iaceret
728 3699 841 3774 populo
861 3699 928 3757 Dei.
945 3699 1038 3757 Facto
1052 3697 1145 3773 igitur
1157 3696 1300 3755 triduano
1318 3696 1436 3771 jejunio,

606 3807 687 3854 strue
708 3795 860 3872 lignorum
879 3797 1018 3856 inventor
1032 3797 1160 3854 Lanceae
1183 3795 1263 3852 ultro
1278 3811 1309 3852 se
1323 3793 1429 3868 injecit,
1448 3825 1449 3840 Ι

605 3891 690 3950 dium
705 3893 834 3952 flammae
848 3894 994 3953 vibrantis
1013 3913 1119 3970 rogum
1134 3893 1233 3951 nudus
1248 3891 1425 3968 pertransiit,
1439 3909 1449 3950 ε

606 3989 688 4060 exiit,
709 3991 947 4065 combustusque
961 4003 1021 4064 est;
1038 4009 1092 4049 nec
1107 4003 1210 4065 postea
1223 3989 1389 4065 quindecim
1403 3988 1447 4046 die

605 4085 690 4158 vixit,
711 4087 764 4144 sed
778 4087 962 4146 duodecimo
977 4089 1037 4160 die,
1053 4089 1159 4148 dolore
1175 4087 1252 4165 ignis
1268 4099 1414 4161 correptus
1432 4105 1448 4143 ο

606 4183 690 4242 omni
705 4201 807 4244 errore
821 4185 933 4258 ablato,
948 4188 1080 4262 populus
1095 4205 1162 4246 eam
1179 4187 1259 4248 ultra
1272 4185 1399 4246 venerari
1412 4203 1449 4243 cet

699 4309 789 4376 tuta,
803 4327 829 4378 p.
848 4313 919 4380 ⁵07·1
