2924 5364
209 530 254 600 9²
394 523 504 578 noras
527 524 570 574 ar
593 507 725 573 manas
747 505 1056 582 ancunotocmnas

249 768 340 831 Pour
363 764 394 827 le
418 778 513 837 reste,
539 762 570 826 la
595 760 753 825 tradition
774 759 1054 844 Abingdonienne
1080 759 1153 824 doit
1181 763 1245 824 due

208 871 325 953 suivie,
352 886 384 934 et
411 889 468 934 sur
502 889 538 933 ce
573 869 668 952 point
702 869 732 932 le
764 868 953 933 Chronicon
980 866 1177 931 monasterii
1208 867 1247 930 de

207 975 386 1060 Abingdon
402 974 411 1002 ¹
426 989 475 1037 est
488 974 553 1037 trba
564 973 719 1058 complet.
731 974 839 1037 Tome
855 973 908 1051 1·‘‚
923 995 953 1058 p.
968 975 1022 1054 88,
1040 993 1129 1037 nous
1144 993 1246 1036 avons

208 1103 256 1148 un
270 1101 405 1166 passage
428 1079 559 1144 intitule
586 1101 594 1145 :
616 1082 701 1145 ‹tDe
720 1081 910 1145 muneribus
932 1101 1007 1164 quoe
1029 1081 1123 1145 misit
1140 1081 1245 1163 Hugo

211 1189 323 1272 Capet,
339 1207 403 1251 rex
411 1187 568 1251 Franciae
579 1187 775 1251 Athelstano
786 1187 860 1271 regi
872 1187 1019 1271 Angliae.
1045 1212 1061 1245 a

246 1375 392 1434 «Eodem
416 1387 566 1450 tempore,
591 1391 660 1450 rege
683 1373 852 1450 Anglorum
874 1372 1076 1445 AEthelstano,
1107 1386 1246 1448 tempore

207 1474 354 1549 paschali,
377 1475 458 1550 apud
479 1472 723 1543 Abbendoniam,
747 1490 817 1530 cum
838 1471 1003 1529 comitibus
1024 1483 1055 1528 et
1076 1471 1245 1529 baronibus

207 1569 272 1630 suis
295 1570 410 1629 curiam
439 1587 525 1627 suam
550 1581 672 1627 tenente
692 1568 860 1644 plenariam
882 1581 974 1644 prout
995 1568 1080 1644 regio
1102 1569 1247 1627 convenit

208 1666 329 1739 honori,
354 1667 541 1725 advenerunt
560 1665 658 1722 nuntii
686 1665 764 1740 regis
790 1666 937 1738 Franciae,
963 1665 1105 1742 Hugonis
1130 1684 1245 1742 cogno-

208 1778 312 1824 mento
326 1765 430 1840 Capct,
449 1763 613 1822 offerentes
627 1763 690 1840 regi
706 1764 789 1822 varia
808 1765 915 1822 exenia
931 1782 1023 1822 aurea
1043 1777 1073 1822 et
1090 1777 1245 1839 argentea,

208 1879 328 1921 necnon
338 1875 368 1921 et
379 1862 438 1920 alia
452 1879 544 1936 snper
557 1879 665 1919 aurum
680 1875 709 1920 et
719 1875 876 1937 argentum
890 1875 920 1920 et
931 1862 1063 1937 lapidem
1075 1861 1246 1937 pretiosum

208 1959 355 2032 dulciora,
379 1958 524 2033 reliquias
546 1958 688 2017 videlicet
706 1957 856 2033 pretiosas
880 1976 950 2015 cum
970 1957 1053 2015 omni
1075 1960 1245 2019 reverentia

207 2057 379 2117 tractandas
405 2057 520 2132 pariter
544 2071 574 2116 et
601 2058 806 2128 venerandas,
834 2057 960 2131 scilicet,
985 2069 1104 2132 partem
1131 2057 1244 2132 spineae

209 2172 332 2213 coronae
348 2167 378 2212 et
393 2169 511 2230 partem
528 2156 605 2214 clavi
624 2156 756 2228 Domini,
770 2156 914 2213 vexillum
933 2155 1024 2214 etiam
1040 2155 1139 2214 sancti
1154 2134 1243 2214 Mau-

209 2251 270 2310 ritii
291 2251 437 2327 gloriosmi
452 2253 538 2310 mari·
553 2265 583 2312 et
601 2253 734 2311 Thebeae
751 2252 880 2328 legionis
901 2252 1060 2328 principis,
1078 2271 1150 2312 cum
1171 2272 1242 2330 pre·

209 2352 291 2411 tioso
304 2350 400 2427 digito
416 2352 513 2410 sancti
525 2351 657 2410 Dionisii
672 2351 845 2427 martyris...
863 2372 876 2404 u

246 2538 299 2597 Au
319 2548 343 2596 t.
368 2533 412 2604 ΙΙ,
429 2552 486 2616 pp.
509 2534 666 2617 276·277‚
688 2552 773 2595 nous
795 2548 956 2596 trouvons
980 2551 1027 2596 un
1050 2531 1145 2596 traite
1161 2557 1178 2591 a
1193 2533 1244 2596 De

207 2642 390 2708 Abbatibus
406 2642 640 2723 Abbendoniae,
663 2643 775 2705 datant
796 2661 925 2705 comme
939 2641 972 2704 la
991 2640 1182 2724 Chronique
1204 2640 1244 2703 de

207 2750 239 2814 la
265 2749 311 2813 fin
333 2750 379 2814 du
403 2765 460 2812 ιιιο
483 2749 591 2813 siecle.
610 2749 658 2814 Ce
686 2750 767 2813 n'est
785 2769 844 2833 pas
863 2769 928 2812 une
952 2749 1131 2832 repetition
1153 2749 1245 2812 dela

209 2855 421 2940 chronique,·
440 2857 464 2920 il
487 2873 535 2921 est
554 2862 712 2941 compose
735 2877 812 2922 avec
833 2857 881 2920 les
904 2859 1028 2920 memes
1049 2855 1242 2937 materiaux,

208 2963 277 3027 cela
292 2979 340 3028 est
354 2965 488 3046 certain,
505 2965 589 3029 mais
604 2965 732 3050 chaque
747 2981 862 3030 auteur
876 2965 924 3028 les
938 2983 956 3027 a
970 2963 1098 3027 utilises
1112 2962 1245 3026 suivant

208 3089 269 3133 son
284 3070 519 3154 appreciation.

244 3259 371 3334 «Hujus
393 3259 471 3335 regis
490 3271 627 3334 tempore
647 3259 722 3317 obiit
742 3260 836 3317 abbas
853 3260 1000 3335 Cynatus,
1021 3257 1070 3315 cui
1095 3256 1243 3314 successit

208 3355 387 3414 Godescale.
405 3355 440 3411 ln
454 3355 540 3429 cujus
553 3367 699 3430 tempore,
715 3355 798 3412 misit
812 3372 864 3411 rex
880 3354 1015 3411 Franciae
1032 3354 1135 3428 Hugo,
1148 3352 1244 3427 Capet

208 3453 340 3525 nomine,
368 3452 431 3528 regi
455 3453 635 3511 Ethelstano
661 3453 743 3526 iquia
770 3470 847 3507 uxor
871 3453 937 3524 ejus
960 3469 1047 3508 soror
1070 3450 1243 3508 Ethelstani

207 3551 280 3623 erat)
297 3549 404 3606 exenia
423 3550 518 3608 multa
537 3563 566 3607 et
580 3549 722 3624 pretiosa,
743 3548 821 3606 inter
842 3566 910 3622 quae
934 3561 1020 3606 erunt
1035 3565 1041 3604 τ
1057 3561 1190 3622 punctus
1205 3549 1243 3606 de

206 3648 300 3705 clavis
328 3647 462 3718 Domini,
490 3659 518 3704 et
548 3648 585 3704 de
613 3647 708 3722 spinis
735 3665 848 3704 corone
871 3647 1004 3717 Domini,
1028 3659 1058 3704 et
1083 3648 1120 3704 de
1144 3648 1242 3703 Cruce

207 3746 339 3816 Domini,
355 3759 384 3803 et
400 3745 533 3820 gladium
550 3746 742 3804 Constantini
758 3745 960 3820 imperatoris,
979 3745 1010 3800 in
1024 3745 1110 3817 cujus
1130 3746 1241 3818 capulo

207 3844 343 3901 inclusus
363 3856 427 3900 erat
450 3856 580 3917 punctus
602 3843 679 3900 clavi
704 3843 839 3913 Domini,
864 3842 1020 3918 speciosos
1042 3854 1071 3899 et
1091 3859 1189 3916 equos
1213 3854 1242 3899 et

205 3958 322 4016 pannos
335 3940 459 3997 sericos.

242 4041 424 4097 «Punctum
444 4039 521 4096 clavi
543 4040 626 4098 dedit
649 4041 752 4099 abbati
767 4041 939 4112 Godescile‚
955 4053 984 4098 et
1002 4039 1097 4097 multa
1120 4041 1180 4099 alia
1201 4042 1238 4097 ad

239 4244 263 4279 ι.
280 4229 378 4280 Edited
389 4229 424 4295 by
438 4229 486 4280 the
496 4229 562 4281 Rev.
576 4229 678 4296 loseph
761 4244 774 4280 2
790 4229 846 4280 vol.
867 4227 952 4280 in-80.

204 4318 366 4382 Stevanaon,
382 4319 509 4380 Laneion,
524 4318 678 4387 longmnn,
