3130 5514
428 646 471 694 [Α
495 643 618 694 8ΑῙΝΤΕ
642 645 754 693 tanea
1046 643 1110 715 149

101 887 227 946 Hastam
242 886 381 946 vibravit

73 985 152 1044 Tunc
164 985 256 1044 miles
270 987 314 1044 nd
326 985 439 1059 altum;

104 1087 148 1143 lid
166 1085 224 1142 Dei
238 1085 384 1143 Verbum

75 1183 175 1241 Clarus
189 1197 390 1243 cruentatum

105 1285 196 1342 Latus
212 1285 356 1356 intrarit,

76 1381 109 1440 Et
119 1383 365 1457 compenetravit

104 1471 178 1530 Filio
193 1473 264 1530 Dei.

107 1605 236 1682 Sanguis
247 1619 281 1666 et
296 1626 378 1683 aqua

78 1705 166 1763 Simul
178 1707 380 1780 effluxerunt,

110 1804 204 1862 Undae
219 1805 342 1864 cruoris

79 1901 138 1960 lios
150 1902 424 1964 inflammaverunt
439 1921 447 1962 :

111 2000 220 2059 Fontes
234 2019 390 2077 aquarum

83 2095 178 2156 Coelos
191 2101 409 2174 turbaverunt,

112 2195 206 2272 Supra
221 2211 378 2258 naturam.

668 881 764 942 Hasta
779 899 837 940 nos
856 891 953 940 armat

631 981 672 1040 Ut
687 999 750 1039 non
768 981 1016 1054 succumbamus,

667 1079 780 1138 Clarus
802 1095 859 1136 nos
879 1076 991 1151 firmat,

633 1179 672 1236 Et
687 1177 731 1236 sic
743 1176 978 1252 triumphamus,

669 1277 801 1353 Sanguis
815 1274 969 1348 accendit,

635 1376 677 1436 Ut
689 1375 733 1434 sic
749 1375 909 1434 ardeamus

670 1477 743 1552 Igne
754 1475 869 1534 divino.

671 1610 800 1666 Praestet
814 1608 874 1666 hoc
889 1609 979 1666 nobis

635 1706 740 1765 Gratia
754 1705 867 1779 divina,

670 1804 822 1863 Conditor
835 1801 930 1875 orbis,

637 1899 779 1957 Siderum
794 1903 909 1978 regina,

675 1997 828 2058 Lanceam
842 2003 929 2076 cujus

637 2095 905 2171 Angelimirantur

674 2200 802 2276 Semper
814 2201 846 2261 in
860 2202 957 2262 coelis.

707 2289 816 2350 Amen.

133 2483 294 2562 Sequentia
307 2485 344 2544 da
355 2483 475 2542 Lancea
489 2483 658 2543 Dominica.
673 2483 729 2544 Ex
741 2487 858 2546 missali
868 2488 1066 2566 Eysteltensi.

86 2607 245 2671 Hodierna:
260 2613 374 2673 testum
388 2611 477 2684 lucis,

88 2703 120 2762 Et
134 2707 258 2768 solenne
272 2710 345 2768 vitre
359 2709 458 2782 ducis,

117 2803 174 2860 Pro
187 2805 309 2865 victrici
326 2806 456 2866 Lancea.

90 2925 284 2990 Decantemus
297 2929 404 2988 laudes
419 2930 457 3004 ei,

89 3025 179 3094 Quem
192 3029 347 3090 transfixit
360 3029 426 3088 vice
440 3029 495 3102 rei,

122 3122 192 3184 llaec
205 3127 314 3188 salutis
329 3127 454 3186 framea.

92 3245 189 3310 Omnis
202 3254 365 3329 utriusque
380 3269 481 3325 sexus,

92 3345 131 3403 Te
148 3350 314 3428 stringebat
332 3351 430 3428 culpae
444 3369 551 3426 nexus,

124 3447 159 3506 Et
172 3452 281 3512 mortis
295 3452 445 3528 angustia.

97 3569 186 3632 Psalle
199 3575 255 3650 illi,
274 3577 328 3652 qui
342 3577 478 3652 resolvit,

96 3665 190 3746 Culpa
202 3691 328 3750 poensm
338 3693 394 3750 pro
407 3687 438 3732 te
451 3674 553 3747 solvit,

125 3765 197 3830 vire
211 3773 290 3832 dans
304 3771 448 3830 remedia.

97 3888 152 3950 Are
164 3893 275 3957 sermm
288 3895 482 3972 triumphale,

100 3985 207 4052 latrans
218 4007 325 4072 pectus
338 4007 372 4052 tu
386 3993 490 4066 vitale,

134 4087 206 4150 Coeli
219 4093 330 4172 pandis
345 4093 435 4164 ostia,

640 2611 816 2672 Fecundata
830 2625 863 2672 tu
878 2631 998 2687 cruore,

642 2705 728 2764 Felix
742 2706 828 2765 hasta
843 2723 900 2766 nos
914 2723 1029 2776 amore,

678 2803 781 2862 Parte
795 2803 848 2862 fisi
864 2804 977 2862 saucia.

644 2935 1123 3014 Florenscruor,quemluderunt

642 3037 735 3095 Artus
746 3033 876 3093 Christi:
887 3052 966 3110 quos
980 3033 1123 3095 foderunt

679 3133 844 3192 Clarorum
857 3129 976 3191 fixoria.

646 3271 726 3330 Fusa
738 3287 794 3346 per
808 3283 838 3330 te
852 3287 888 3329 ac
899 3270 1006 3347 rigata,

647 3370 686 3428 Et
697 3387 751 3445 per
766 3369 876 3428 Claros
891 3367 1033 3440 solidata,

681 3472 795 3530 Nostra
809 3468 870 3528 sint
882 3467 1063 3544 precordia.

647 3607 739 3665 Placa
753 3605 875 3662 Patrem
886 3600 1064 3678 majestatis,

648 3706 690 3764 Ut
705 3704 737 3762 in
749 3718 848 3761 aevum
862 3717 932 3758 curn
950 3699 1059 3772 beatis,

684 3803 751 3862 Nos
764 3809 889 3860 coronet
900 3797 1005 3874 gloria.

154 4186 316 4254 [metietur.
328 4189 482 4258 Syntagrna
494 4187 529 4242 de
537 4187 569 4240 S.
577 4185 613 4239 R.
627 4183 750 4252 Imperii,
766 4197 811 4251 pp.
828 4179 920 4248 ³8·44·
930 4207 962 4220 -
981 4178 1130 4234 Cheraller

128 4271 171 4338 (Le
185 4279 237 4333 Ch·
251 4279 306 4345 tt),
317 4278 510 4347 Repertoriunr
524 4273 744 4348 hymnologiam
760 4271 904 4340 (louvain,
918 4271 1052 4322 Analecta
1064 4268 1129 4323 Bol-

130 4361 261 4432 nunna,
289 4367 366 4437 1897,
382 4382 396 4419 2
415 4367 470 4418 vol.
486 4363 565 4430 in·8‘,
581 4373 621 4418 n*
634 4362 697 4430 604,
714 4361 793 4427 32¹²,
807 4375 887 4431 7944,
903 4359 983 4429 9²7⁵·
1002 4355 1128 4426 14444-6,

135 4451 494 4528 ¹4⁵9⁸⁴32154⁸32214o⁶ll
