3130 5514
608 577 673 664 134
791 597 899 646 noras
923 583 1118 648 moronus
1141 584 1443 658 arcudococroun

603 831 718 910 posteri
735 833 811 910 ejus,
826 845 973 910 perpetuo
993 833 1058 910 jure
1076 834 1258 894 obtinerent
1276 835 1416 912 Signum
1438 837 1443 892 l

605 928 701 1005 scopi.
718 931 749 990 S.
770 931 924 990 Lamberti
943 929 1107 991 archidiac.
1130 931 1162 990 S.
1183 931 1334 990 Desiderii
1349 935 1422 992 dec.
1443 952 1444 988 i

604 1049 700 1108 praep.
718 1031 750 1090 S.
766 1029 910 1088 Conradi.
933 1041 990 1088 etc.
1010 1029 1120 1087 Actum
1139 1029 1248 1106 Brugis
1265 1047 1349 1088 anno
1368 1031 1415 1088 M.
1434 1033 1444 1086 t

605 1129 691 1200 xiii,
711 1139 856 1204 regnante
872 1143 942 1202 rege
957 1125 1111 1202 Philippo,
1129 1125 1326 1202 episcopante
1342 1127 1444 1186 domii

607 1227 741 1288 Roberto
754 1225 873 1304 juniore
887 1225 1076 1302 principante
1091 1243 1160 1284 cum
1173 1242 1268 1284 uxore
1283 1243 1340 1284 sua
1354 1225 1444 1284 Clem

699 1341 804 1410 [ouon
818 1341 988 1407 carmon,
1000 1351 1020 1396 t.
1031 1341 1065 1404 v,
1075 1340 1269 1404 immensa,
1285 1357 1314 1409 ρ.
1329 1338 1407 1407 ³⁵⁵·l

1114 1509 1160 1570 23.

690 1665 792 1736 Quum
806 1681 879 1724 vero
894 1663 1002 1723 Petrus
1017 1673 1114 1721 morte
1127 1673 1342 1738 perurgeretur
1357 1663 1444 1738 apud

606 1763 774 1836 Archedos,
789 1761 947 1822 advocarit
957 1760 1110 1832 comitem,
1125 1773 1154 1818 et
1168 1759 1243 1819 dixit
1257 1759 1284 1818 ei
1301 1777 1309 1817 s
1329 1780 1343 1814 a
1362 1761 1444 1832 Qum

608 1882 624 1916 a
639 1860 835 1934 iherusalem,
853 1859 901 1918 iac
915 1869 949 1916 ut
965 1857 1114 1916 exercitus
1129 1859 1262 1933 postulet
1276 1857 1378 1916 Deum
1395 1877 1445 1932 qur

608 1969 721 2016 «tuam
738 1955 898 2033 prolonget
916 1967 946 2014 et
959 1953 1127 2026 continuet,
1143 1967 1173 2014 ct
1187 1955 1269 2012 Deus
1284 1955 1445 2030 prolongai

609 2055 775 2114 «tumdem
796 2065 944 2129 quantum
962 2051 1072 2110 vixisti.
1088 2053 1136 2110 Tu
1153 2065 1265 2127 autem,
1280 2071 1378 2130 quum
1392 2071 1445 2112 rev

610 2167 734 2228 «prope
752 2151 887 2228 quinque
903 2150 1006 2226 leugas
1021 2149 1181 2209 ecclesiam
1195 2149 1291 2210 sancti
1309 2151 1445 2226 Trophir

610 2248 763 2308 «Domini
784 2265 889 2324 pones,
906 2259 936 2308 et
949 2245 1110 2305 ecclesiam
1133 2245 1176 2304 ibi
1200 2245 1344 2305 fabricari
1359 2245 1445 2304 iacies

609 2369 623 2404 a
640 2359 772 2420 moneta,
788 2363 880 2423 quam
892 2357 927 2404 tu
940 2345 1055 2422 jurabis
1069 2363 1107 2404 ne
1123 2345 1199 2404 falsa
1213 2346 1283 2418 iist;
1301 2347 1356 2404 sed
1373 2363 1445 2420 neqt

611 2467 625 2502 s
640 2446 715 2522 quid
736 2445 847 2504 iaisum
867 2443 911 2502 ibi
925 2443 991 2502 fleri
1004 2443 1171 2519 permittes.
1186 2443 1357 2502 Vocabitur
1381 2443 1433 2502 iiie

612 2565 626 2598 a
641 2541 767 2615 Gaudii3
778 2553 808 2600 et
820 2541 894 2601 fient
903 2541 969 2600 hec
979 2539 1057 2600 inira
1066 2539 1268 2600 Provinciam.
1283 2541 1405 2599 Etenim
1419 2541 1445 2598 b«

612 2661 626 2696 a
640 2639 810 2716 Trophimo
822 2639 973 2716 discipulo
991 2654 1048 2698 suo
1061 2637 1200 2715 promisit
1214 2639 1297 2714 quod
1312 2639 1445 2698 Lancear

614 2759 628 2794 a
644 2739 784 2799 mitteret.
802 2760 816 2793 s

704 2853 865 2921 [Reimundi
881 2853 915 2908 de
926 2853 1054 2922 dguilers
1071 2853 1179 2906 Hieros.
1195 2851 1307 2916 Fratre,
1319 2867 1346 2920 p.
1362 2853 1434 2918 264]

1110 3055 1158 3112 ²4-

650 3213 765 3290 Regum
776 3211 963 3270 Francorum
973 3227 1053 3270 unus
1063 3227 1157 3286 quum
1165 3209 1318 3270 somnium
1326 3209 1446 3270 somniat

615 3325 686 3374 runt
707 3311 740 3372 in
758 3309 886 3370 ecclesia
907 3308 1032 3368 Kosine
1052 3309 1165 3382 locum,
1179 3325 1242 3384 quo
1260 3308 1361 3368 clavos
1383 3309 1445 3384 ejus

616 3409 766 3468 Dominus
782 3419 885 3467 noster
897 3405 1003 3466 affixus
1017 3421 1092 3480 arat,
1107 3407 1288 3466 invenerunt
1302 3425 1310 3464 r
1326 3423 1341 3464 e
1356 3407 1446 3481 quibu

617 3506 747 3566 Crucem
770 3516 799 3562 et
825 3505 954 3562 Laocere
975 3503 1132 3579 cuspidem
1161 3504 1371 3579 procuderant,
1391 3521 1446 3562 con

618 3603 741 3680 egressi,
761 3602 922 3678 adjuvante
938 3601 1014 3676 Deo,
1028 3601 1187 3662 victoriam
1201 3613 1388 3678 reportarunt
1399 3615 1446 3662 etr

618 3698 661 3760 sis
676 3699 877 3776 repleverunt.

712 3824 849 3893 [Gregorii
874 3825 1086 3895 sbutphmgtt,
1108 3827 1166 3881 sive
1191 3827 1245 3880 Bar
1259 3827 1364 3882 iiebroei
1377 3829 1445 3881 Cirr-o

681 3913 801 3978 mmcd.
816 3913 937 3970 Jscobus
951 3915 1422 3988 ans,Lipsie,Bohemius,1789,
1434 3917 1446 3969 i]

1109 4111 1159 4174 si.

661 4259 736 4318 Hec
758 4257 834 4321 tanti
862 4260 952 4336 pretii
977 4261 1090 4324 framea
1113 4263 1254 4338 [lancea],
1279 4280 1355 4322 anno
1379 4281 1445 4340 prog

625 4357 787 4420 millesimo
809 4359 1007 4438 nonagesimo
1021 4374 1138 4432 octavo,
1160 4362 1263 4426 divina
1284 4363 1446 4424 revelatione
