2924 5364
234 526 307 596 ²⁴4
422 522 533 575 notus
554 520 600 573 ut
619 505 752 573 mutis
771 504 1085 585 uctuouoctouus

232 763 331 829 cieux
354 761 533 847 qu'Henri‚
566 778 740 845 empeteur
769 760 811 823 de
846 759 1141 844 Constantinople,
1175 758 1243 823 tuit

231 870 352 955 charge
363 870 492 945 Athen,
511 884 621 934 comte
634 869 677 933 de
698 867 813 945 Molis,
835 867 895 950 qui
918 866 1071 931 retenuit
1088 868 1130 930 de
1148 866 1247 930 Terte-

231 976 345 1041 Sniute
372 994 433 1060 ptr
460 974 751 1059 Constantinople‚
775 972 901 1037 d'offrir
924 992 968 1036 en
998 992 1065 1036 son
1091 991 1171 1037 nom
1198 992 1249 1036 tux

231 1080 435 1147 seuctusires
448 1082 490 1145 de
505 1081 658 1146 Flendre.
674 1080 763 1146 C’est
784 1078 869 1143 ainsi
885 1097 952 1162 que
968 1078 1142 1164 Philippe,
1156 1095 1248 1144 comte

231 1188 273 1253 de
286 1188 428 1265 namur,
444 1204 536 1272 recut
548 1188 674 1252 ludent
687 1189 728 1251 de
742 1187 829 1251 saint
848 1186 972 1261 Pierre,
995 1185 1213 1251 Sciat-Alban
1223 1186 1249 1250 lt

230 1294 449 1374 33333313,
472 1294 573 1379 Liege
595 1294 644 1359 les
658 1294 852 1379 principaux
875 1292 999 1376 joytux
1021 1293 1084 1376 qui
1112 1294 1248 1357 devaieut

230 1420 331 1467 oruer
344 1422 397 1467 ses
409 1402 554 1480 sitisses,
570 1401 664 1486 Huy,
678 1400 779 1477 enfin,
794 1401 827 1465 lt
840 1399 967 1484 telique
979 1400 1022 1463 de
1035 1400 1070 1464 13
1081 1399 1249 1465 Coutonue

231 1509 390 1595 d'epines.

106 1704 206 1753 'rm
270 1695 335 1760 Les
350 1696 465 1782 epines
478 1717 544 1782 que
557 1697 790 1762 reniermaient
803 1696 850 1759 les
869 1695 1038 1760 differents
1059 1697 1249 1761 sauctutirts

119 1772 188 1833 ¹³¹⁹
229 1806 271 1869 de
296 1806 427 1891 Troyes
444 1809 565 1872 etaient
584 1808 650 1871 fort
668 1809 897 1870 nombreuses.
917 1805 1016 1868 Nous
1042 1822 1249 1870 reucontrous

228 1912 312 1976 dens
333 1914 382 1977 les
406 1916 541 1979 tociens
565 1914 762 1978 iuventuires
798 1914 839 1977 de
874 1932 925 1976 ses
948 1911 1097 1975 diverses
1131 1911 1247 1997 eglises,

227 2036 300 2102 sept
324 2020 518 2105 reliquaires
540 2038 719 2086 contenent
741 2022 799 2084 des
832 2020 1011 2102 fragments
1032 2020 1074 2083 de
1102 2019 1136 2083 13
1157 2020 1250 2084 sainte

227 2125 424 2192 Coutonne.

264 2238 341 2298 Aux
360 2235 475 2318 epines
499 2235 661 2319 d'origiue
691 2233 1006 2317 hierosolymitaine,
1040 2253 1129 2298 nous
1155 2252 1248 2298 avons

225 2340 317 2425 parte
335 2342 435 2404 d'une
453 2343 511 2405 des
526 2342 667 2425 reliques
682 2343 722 2405 de
739 2342 771 2404 13
787 2341 967 2405 Couronne
982 2341 1023 2403 de
1043 2341 1077 2405 lu
1090 2339 1252 2425 collegitis

225 2447 267 2511 de
281 2428 530 2511 stim-Etienne
548 2448 699 2532 'd'apres
718 2449 803 2511 deux
826 2448 1035 2525 inventaires,
1052 2450 1094 2512 de
1125 2450 1206 2532 1319
1227 2460 1254 2509 et

225 2555 272 2619 du
290 2570 357 2619 xvt⁰
375 2556 485 2620 siecle.
512 2557 569 2621 Un
596 2572 688 2620 autre
716 2556 886 2639 catalogue
909 2557 968 2619 des
991 2555 1138 2638 reliques
1165 2557 1205 2619 de
1228 2553 1256 2617 lt

225 2665 334 2726 meme
345 2662 458 2746 eglise,
477 2663 518 2726 de
537 2681 632 2747 1700,
648 2681 734 2726 nous
747 2662 850 2725 decrit
865 2682 912 2725 un
930 2664 995 2725 tres
1010 2661 1169 2745 precieux
1181 2658 1252 2723 reli·

225 2768 340 2851 quoire
359 2768 418 2853 qui
431 2769 600 2834 contenuit
613 2769 796 2853 egolement
809 2769 866 2833 des
887 2768 1000 2853 epines
1016 2784 1048 2832 et
1071 2769 1119 2833 du
1130 2769 1207 2838 bois
1221 2771 1257 2837 de

226 2873 259 2937 13
272 2874 362 2939 waic
376 2875 480 2939 Croix
498 2875 509 2902 ’
523 2895 531 2938 :

262 3061 426 3137 «L'image
450 3064 487 3120 de
511 3062 608 3120 sainct
625 3063 768 3120 Estienne
794 3063 906 3119 habille'
926 3080 963 3119 en
991 3063 1105 3135 diacre,
1127 3066 1259 3141 d'argent

225 3161 299 3218 dore
315 3154 530 3232 tonde-bosse,
542 3161 615 3218 haut
625 3162 662 3217 de
674 3162 782 3235 quinze
793 3179 906 3234 pouces
916 3180 967 3217 sur
975 3161 1045 3235 cinq
1056 3163 1094 3218 de
1104 3163 1261 3235 diamette,

224 3259 309 3334 garni
325 3260 362 3316 de
376 3260 548 3334 pierreties,
560 3260 597 3316 de
606 3260 732 3334 piaques
745 3259 872 3315 cizelees
881 3272 910 3316 et
920 3259 1011 3315 fleurs
1026 3260 1164 3335 d'atgent
1176 3263 1259 3334 dore,

225 3359 358 3414 3333333
373 3358 401 3413 13
414 3359 495 3415 main
506 3360 622 3433 gauche
632 3378 674 3416 un
689 3372 768 3416 texte
783 3359 868 3433 garni
883 3360 920 3416 de
931 3359 1038 3433 petites
1048 3358 1224 3432 pierreries‚
1235 3373 1264 3416 et

225 3472 286 3511 une
300 3455 400 3529 palme
415 3457 550 3532 d'atgent
564 3458 638 3513 dore
662 3470 691 3514 et
711 3458 747 3513 de
772 3457 800 3512 13
817 3457 898 3513 main
918 3456 1015 3514 droite
1037 3473 1080 3511 un
1094 3455 1212 3513 cristail
1227 3456 1263 3512 de

226 3556 318 3611 roche
333 3555 405 3630 long
431 3557 468 3612 de
492 3555 567 3613 trois
586 3572 700 3628 pouces
715 3569 745 3612 et
768 3557 858 3630 demy
878 3574 929 3612 sur
947 3572 988 3610 uu
1008 3570 1106 3627 pouce
1127 3554 1166 3610 de
1181 3555 1263 3629 large

224 3652 308 3709 taille'
324 3655 340 3708 3
355 3653 421 3709 huit
443 3671 531 3725 pons,
546 3652 631 3726 garni
651 3654 786 3727 d'urgent
807 3654 880 3708 dore'
896 3670 954 3708 aux
973 3652 1052 3707 deux
1068 3651 1171 3721 bouts,
1188 3652 1263 3709 dans

224 3749 325 3821 lequel
339 3749 358 3804 il
374 3768 393 3822 y
408 3768 425 3805 3
444 3751 481 3806 de
502 3751 530 3805 13
551 3751 714 3806 Couronne
732 3738 876 3823 d'Epines
891 3763 920 3806 et
935 3749 975 3805 du
991 3748 1058 3804 bois
1074 3749 1111 3804 de
1127 3749 1157 3804 13
1171 3749 1264 3806 Croix

224 3847 262 3902 de
277 3847 554 3920 Nostre-Seigneur.
566 3848 588 3902 11
600 3867 617 3922 y
629 3866 644 3903 a
657 3867 708 3903 sur
725 3849 754 3903 13
768 3862 844 3903 teste
860 3865 918 3902 une
934 3863 1090 3903 33333333
1104 3863 1142 3901 33
1158 3858 1264 3919 argent

224 3945 299 4002 dore
314 3943 352 3999 de
365 3945 440 4002 trois
457 3963 570 4018 pouces
586 3959 614 4001 et
632 3947 721 4020 demy
738 3946 776 4002 de
793 3946 950 4011 diametro,
967 3944 1050 4018 garni
1068 3945 1106 4000 de
1123 3942 1262 4018 filigraue

224 4054 254 4100 et
267 4041 304 4097 de
316 4040 485 4114 pierterics,
497 4042 597 4098 satuit
612 4060 618 4097 :
630 4057 735 4116 quatre
744 4043 858 4117 pierres
874 4043 989 4112 bleucs,
1007 4054 1112 4115 quatre
1126 4055 1259 4113 grenats,

260 4211 404 4276 t.Voitp.
424 4210 483 4260 208.
815 4225 839 4260 2.
856 4211 954 4261 Lalore
995 4207 1128 4275 (Euboe),
1167 4211 1201 4262 0.
1227 4226 1260 4271 3.,

783 4310 802 4350 t.
819 4299 852 4361 11,
866 4314 891 4364 p.
910 4298 950 4349 52.
