3134 5606
398 649 442 700 aa
461 647 583 698 satura
600 595 783 696 chunorum
1036 619 1103 693 385

104 886 208 944 «Plus
221 904 289 963 ung
301 884 395 944 coiire
414 886 453 944 de
465 885 571 958 cypros
589 895 657 942 tout
670 881 766 958 peint‚
786 881 816 939 la
826 897 867 938 ou
882 859 1028 954 respou'se
1043 894 1105 952 ung

69 984 165 1043 anlue
179 985 260 1060 petit
274 984 381 1055 coilre,
397 995 427 1042 et
441 984 555 1042 dedans
578 985 609 1042 la
631 984 746 1042 saincte
762 981 886 1058 Espine‚
906 981 1021 1040 dedans
1043 997 1106 1054 ung

68 1082 181 1158 xrispal
196 1083 283 1158 (sic),
306 1094 337 1142 et
356 1081 400 1142 les
424 1083 504 1140 deux
523 1083 614 1142 bouts
626 1081 771 1158 d’argent,
787 1079 927 1156 armorye
937 1079 991 1138 des
1006 1095 1105 1138 armes

68 1179 105 1238 de
120 1179 244 1258 Saroye
257 1183 284 1240 ¹.
299 1203 313 1238 a

106 1356 172 1425 Les
186 1359 391 1426 inventaires
404 1360 445 1424 de
464 1359 601 1444 1497·98
615 1359 627 1388 ¹
641 1379 684 1426 au
699 1358 861 1426 contraire
876 1378 918 1424 en
940 1355 1105 1443 signalent

69 1466 160 1531 trois.
173 1471 207 1533 Α
223 1467 441 1550 Chambery:

105 1653 175 1725 7¹³·
201 1675 216 1708 ι
241 1655 319 1713 Item
347 1663 377 1712 et
400 1653 555 1728 quoddam
576 1652 660 1712 aliud
679 1651 888 1728 reliquiarium
912 1653 951 1712 ad
978 1652 1104 1711 modum

71 1749 170 1824 arche,
192 1750 397 1811 cristallinum
417 1763 447 1810 et
460 1763 636 1828 argenteum
652 1750 848 1810 circumcirca
869 1749 1057 1822 deauratum,
1072 1747 1104 1808 in

70 1863 131 1920 qno
143 1861 193 1908 est
207 1867 271 1908 una
285 1849 373 1924 spina
387 1866 501 1908 corone
518 1849 642 1908 Domini
666 1849 699 1906 in
716 1848 847 1923 justrino
861 1845 1019 1906 cristallini
1034 1863 1104 1904 cum

71 1944 258 2018 quibusdam
293 1946 363 2004 aliis
393 1946 529 2023 reliquiis
557 1945 655 2006 sancti
684 1944 866 2016 Sebastiam,
899 1941 1000 2020 ligatis
1032 1959 1103 2002 curn

71 2056 195 2116 argento
210 2043 359 2104 deaurato
373 2061 391 2102 a
404 2045 524 2104 duabus
537 2045 686 2120 partibus,
698 2060 802 2118 panno
817 2043 930 2102 ciriceo
945 2040 1104 2116 involutis,

73 2155 190 2200 necnon
204 2142 244 2201 de
256 2141 419 2200 cunabulis
433 2140 547 2200 Christi
560 2140 592 2200 in
606 2142 725 2201 eodem.
743 2163 757 2195 s

104 2255 170 2312 7²2·
195 2264 211 2296 s
236 2241 325 2312 item,
351 2240 482 2315 quedam
504 2239 565 2298 alia
593 2240 695 2313 archa,
724 2239 787 2298 sive
808 2237 905 2298 cassia
928 2237 966 2296 de
984 2235 1102 2313 proclo,

72 2332 205 2396 involuta
218 2337 257 2396 de
271 2355 374 2408 coreo,
398 2337 431 2396 in
448 2355 508 2414 qua
526 2351 573 2397 est
593 2355 667 2397 crux
687 2336 784 2396 sancti
807 2335 946 2411 Sepulcri
961 2347 1103 2411 argentea

71 2448 137 2490 cum
157 2434 264 2494 multis
274 2435 381 2510 perliis
394 2449 426 2496 et
445 2454 539 2495 unam
554 2453 681 2512 parvum
702 2435 912 2510 reliquiarium
927 2447 1103 2510 argenteum

73 2531 250 2596 deauratum
263 2535 296 2594 in
312 2552 375 2610 quo
389 2545 460 2594 sunt
469 2533 566 2594 eciam
579 2532 715 2608 reliquia
730 2545 760 2591 et
774 2531 1013 2608 infrascriptum.
1026 2531 1102 2590 ltem

72 2641 100 2687 et
116 2649 180 2691 una
202 2632 263 2690 alia
286 2650 361 2691 crux
378 2632 417 2690 de
436 2648 496 2707 qua
518 2631 553 2690 lit
577 2631 731 2706 pectorale
756 2649 816 2707 que
838 2631 959 2690 videtur
979 2647 1047 2690 esse
1065 2630 1103 2688 de

72 2742 155 2802 auro,
170 2730 280 2805 inqua
300 2741 371 2788 sunt
383 2728 478 2788 multe
491 2728 597 2803 perlie.
613 2730 688 2788 Item
705 2743 734 2790 et
748 2731 831 2790 eliud
849 2729 1004 2806 pectorale
1019 2729 1103 2788 vide-

72 2822 141 2886 licet
167 2827 276 2904 pulcra
295 2845 371 2886 crux
395 2827 540 2886 deaurata
563 2845 633 2886 cum
657 2828 760 2887 multis
775 2828 879 2904 perliis
901 2841 931 2888 et
949 2826 1103 2904 lapidibus

72 2923 230 2994 preciosis.
253 2925 330 2983 Item
351 2937 381 2984 et
396 2942 492 2983 uuum
505 2925 588 2983 aliud
600 2941 727 3001 parsum
745 2924 955 3001 reliquiarium
972 2925 1009 2984 de
1029 2942 1103 2984 auro

73 3021 250 3092 rotondum,
265 3038 335 3078 cum
348 3039 410 3078 una
424 3038 516 3096 parva
530 3020 659 3080 cathena
670 3033 700 3080 et
713 3021 817 3080 arculo
832 3022 986 3082 deauratis
1001 3022 1033 3082 in
1043 3029 1103 3099 qua

73 3117 216 3192 scriptum
241 3131 288 3177 est
309 3119 440 3193 desuper
464 3135 471 3175 :
495 3119 533 3176 de
564 3118 652 3195 spina
676 3119 798 3178 Corone
830 3119 953 3180 Christi.
978 3121 1055 3180 Item
1073 3133 1103 3180 et

73 3216 202 3286 quedam
214 3215 276 3274 alia
290 3233 383 3291 parva
397 3233 472 3274 crux
485 3235 554 3275 cum
568 3216 703 3293 quinque
716 3216 870 3293 lapidibus
884 3219 975 3295 pauci
990 3217 1102 3278 valoris

74 3323 102 3370 et
113 3314 207 3374 multe
222 3313 350 3389 reliquie
364 3325 394 3372 et
403 3313 512 3390 pannis
527 3313 654 3374 ciriceis.
672 3336 686 3368 s

110 3509 203 3574 Dans
229 3508 433 3573 l'iuventaire
456 3509 496 3572 de
517 3508 549 3572 la
568 3509 716 3594 chapelle
737 3511 778 3575 de
790 3511 911 3593 Turin,
927 3513 972 3578 du
989 3531 1031 3578 20
1045 3513 1103 3578 de—
1116 3527 1197 3577 Τυιικ

72 3617 201 3681 cembre
221 3615 313 3699 1498,
329 3635 415 3680 nous
429 3614 558 3680 lisons:
1121 3611 1161 3646 τ’·
1171 3613 1193 3646 ¹·

104 3804 201 3876 945³
223 3803 310 3876 ltem,
325 3820 388 3878 ung
401 3802 455 3860 bot
472 3803 511 3861 de
530 3801 643 3868 cristol,
662 3820 757 3880 gerny
781 3805 918 3881 d'argent
939 3805 1014 3864 dore
1041 3823 1101 3865 aux

74 3897 152 3958 deux
166 3901 256 3960 boats
269 3913 300 3959 et
313 3917 373 3958 aux
384 3901 465 3960 deux
483 3901 604 3959 constes
619 3913 648 3960 et
662 3918 679 3959 a
691 3917 751 3960 une
771 3903 875 3979 espine
889 3904 927 3963 de
941 3903 971 3962 la
986 3903 1101 3964 saincte

74 3995 241 4056 Couronne
253 3997 378 4057 dedans.
395 4021 410 4051 >r

100 4245 122 4284 r.
135 4228 218 4292 ibid..
232 4244 261 4296 p.
279 4228 340 4295 148.
623 4227 685 4280 rino
698 4229 754 4282 edi
764 4229 853 4284 Ponte
863 4230 954 4299 d’Aia,
970 4231 1099 4304 1497·98.

97 4331 122 4368 a.
143 4319 236 4384 vapra
260 4316 381 4383 (Pietro),
404 4315 544 4368 inventori
622 4315 1041 4387 Torino,Bocca‚1883,in·8⁰.

72 4399 114 4456 dei
126 4404 242 4458 Castelli
247 4403 278 4457 di
288 4403 435 4471 Clamberi,
450 4403 479 4456 di
491 4403 541 4456 To·

968 4527 997 4578 ai
