3128 5532
403 669 449 718 ua
472 665 595 718 satura
616 663 799 732 corrosus
1048 637 1114 726 243

101 901 197 966 lettre:
212 929 225 963 r
239 909 340 970 Habet
354 927 409 968 seu
419 909 555 970 continet
563 907 676 968 Christi
687 905 849 966 fasciarum
856 921 980 982 parram
992 911 1120 978 partem.

103 1001 177 1059 Intus
191 1017 235 1064 est
246 1007 395 1080 particula
406 1007 648 1066 venerandorum
663 1005 828 1064 clavorum.
845 1003 880 1061 ln
896 1002 955 1060 hoc
970 1011 1017 1060 cst
1031 997 1122 1057 etiam

102 1102 213 1176 sanguis
228 1105 363 1180 (Christi)
376 1105 470 1163 vitam
486 1105 561 1162 dans
573 1105 697 1162 mundo.
715 1103 753 1161 Et
767 1102 799 1160 in
812 1103 871 1160 hoc
883 1112 954 1158 sunt
968 1108 1124 1176 segmenta

102 1213 212 1258 corona
220 1203 551 1278 spincae.Venerandus
560 1203 637 1278 lapis
645 1199 938 1276 exCalvaria.Lapis
946 1215 983 1257 ex
991 1195 1122 1256 tumulo.

103 1295 142 1352 Ex
161 1295 272 1356 Christi
285 1299 471 1374 praesepio.»
490 1301 518 1358 A
531 1299 638 1356 l'autre
657 1298 725 1358 cote
739 1297 778 1356 de
801 1313 835 1355 cc
853 1294 1026 1370 reliquaite,
1042 1292 1063 1350 il
1078 1303 1124 1352 est

102 1410 155 1451 une
173 1395 268 1471 ligure
287 1399 325 1456 de
344 1397 430 1456 croix
448 1397 648 1474 patriarchale
663 1395 829 1472 cmpreinte
847 1407 878 1454 et
899 1394 972 1452 faite
991 1389 1123 1463 d’email,

104 1493 255 1553 ru-dessus
266 1495 303 1553 de
320 1495 452 1570 laquelle
463 1508 492 1554 et
503 1513 563 1552 aux
576 1495 662 1554 corea
677 1495 715 1553 de
733 1493 763 1552 la
776 1493 870 1569 petite
888 1491 1037 1556 croisade,
1053 1500 1124 1548 sont

104 1589 184 1649 e'crits
196 1609 247 1650 ces
262 1611 327 1652 vers
340 1593 393 1668 qui
408 1605 568 1666 marquent
579 1592 607 1650 le
629 1609 700 1650 nom
718 1590 759 1650 du
771 1589 874 1650 moine
888 1589 941 1665 qui
956 1587 1038 1646 aluit
1049 1586 1123 1645 faire

104 1703 134 1744 cc
146 1689 304 1764 reliquaire
317 1701 347 1749 et
361 1692 379 1747 lt
393 1689 445 1764 qui
458 1689 479 1748 il
490 1687 661 1764 appartient
676 1707 684 1746 t

269 1819 301 1874 Οἱ
313 1815 357 1872 τὸν
369 1815 396 1871 al
410 1821 603 1890 προσκυνοῦντες
615 1811 707 1870 siclin
715 1813 757 1871 toi

269 1911 325 1970 Καὶ
334 1921 373 1985 τῷ
388 1910 458 1984 λόγῳ
469 1914 584 1985 φέροντες
600 1908 675 1984 ituris
690 1907 789 1984 ιῦμινῆ,

271 2009 385 2084 Elquere
398 2007 474 2082 κάμοὶ
483 2019 521 2082 τῷ
534 2017 641 2082 norom
654 2007 781 2082 Τιμοθέῳ,

270 2105 362 2169 'Onon
375 2107 478 2179 γίνηται
492 2105 535 2179 μοὶ
549 2103 639 2176 βοηθός
653 2105 695 2160 καὶ
704 2103 791 2180 λιμὴν,

272 2203 382 2272 ‘Pteme
392 2221 420 2258 tt
434 2213 485 2258 τῶν
501 2203 591 2278 πολλῷ
605 2202 681 2278 τάχιι
695 2208 743 2278 quoi
755 2199 931 2276 πταισμτων.

199 2355 262 2412 Vos
274 2352 327 2430 qui
338 2365 439 2412 mente
454 2352 505 2428 pia
524 2352 584 2410 hoc
600 2371 721 2412 sacrum
735 2352 852 2429 lignum
866 2350 1011 2425 adoratis,

203 2451 240 2510 Et
252 2452 355 2510 Verbo
370 2451 517 2526 hymnum
532 2451 715 2510 benevolum
725 2451 853 2522 offertis,

203 2549 303 2620 Orate,
319 2561 349 2606 et
362 2567 418 2624 pro
434 2566 482 2606 me
496 2548 649 2606 monacho
663 2548 837 2619 Timotheo,

203 2647 243 2706 Ut
253 2647 291 2706 sit
305 2646 380 2704 milri
395 2646 516 2720 adjutor
532 2658 562 2704 et
576 2658 695 2722 portus,

203 2745 240 2805 Et
254 2764 302 2804 me
322 2745 484 2804 confestim
498 2745 661 2820 apeccatis
675 2745 750 2804 meis
762 2743 881 2803 liberet.

140 2869 250 2929 «lintre
264 2870 309 2928 les
325 2869 406 2928 deux
417 2868 572 2927 croisades
585 2867 607 2926 il
620 2887 639 2944 y
652 2886 669 2926 a
680 2879 786 2943 quatre
800 2866 912 2942 ligures
922 2863 1130 2940 representees

109 2963 176 3025 daos
186 2971 237 3028 des
247 2969 338 3027 fonds
349 2987 421 3028 avec
432 2985 482 3028 ces
493 2971 662 3028 caracteres
676 2970 712 3039 εὴ
728 2967 867 3041 πώρωσις
879 2967 911 3035 ,ἡ
926 2963 1129 3033 incautelam.

108 3061 210 3140 δτάφος.
224 3069 240 3137 ὴ
255 3067 402 3131 ἀνάστασις.
414 3063 591 3140 Acropolite
601 3081 761 3140 remarque
780 3081 839 3140 que
849 3063 995 3122 lcsGrecs
1009 3063 1132 3121 avoient

109 3175 237 3224 coutume
252 3165 375 3224 d'orner
397 3182 447 3223 ces
463 3164 653 3240 phylacteres
674 3163 714 3221 οὺ
733 3163 771 3220 ils
794 3161 994 3221 enfermoient
1014 3162 1042 3221 le
1063 3161 1130 3220 bois

110 3265 192 3335 sacre,
207 3264 245 3321 de
263 3262 398 3320 diverses
412 3260 545 3336 reliques
564 3261 602 3318 de
621 3259 715 3318 saints
734 3259 814 3335 :J’en
836 3271 932 3319 omets
947 3260 975 3318 le
990 3275 1129 3336 passage,

110 3355 143 3414 de
167 3361 277 3419 crainte
303 3359 463 3418 d'ennuier
488 3359 516 3417 le
539 3359 655 3418 lecteur
679 3375 735 3436 par
761 3373 822 3416 une
847 3369 916 3434 trop
944 3358 1056 3434 longus
1083 3359 1131 3416 di-

111 3459 245 3530 gression.
266 3481 281 3514 o

146 3637 324 3703 Outreman
339 3635 464 3720 signale
480 3637 562 3700 dans
582 3655 618 3700 sa
641 3635 944 3720 Constantinopolis
965 3634 1093 3720 belgica
1109 3635 1130 3717 ¹,
1147 3663 1210 3717 nm,
1226 3661 1292 3708 120⁶.

111 3724 230 3830 l'lpine
246 3747 287 3810 de
304 3745 385 3828 Huy
399 3763 529 3808 comme
551 3747 706 3828 apportee
728 3744 768 3808 dc
784 3741 1061 3828 Constantinople
1078 3763 1086 3808 ι

206 3955 219 3988 a
238 3933 343 3991 Huurn
351 3931 472 3990 Corone
489 3931 602 4006 spineae
615 3929 828 4006 fragmentum.
845 3951 858 3984 a

143 4093 220 4158 Jean
235 4094 489 4158 d’Outremeuse
503 4093 524 4172 ²,
537 4113 577 4157 en
593 4091 679 4169 effer,
693 4093 791 4156 relate
807 4109 882 4158 tous
896 4093 945 4158 les
960 4094 1045 4158 dons
1060 4100 1134 4179 prl-

139 4359 297 4423 1.Tornaci,
309 4361 424 4413 Adriani
439 4360 581 4427 Quinque,
694 4373 719 4411 2.
740 4358 788 4430 Ly
809 4373 924 4428 myrran
947 4359 995 4414 des
1012 4359 1135 4425 Histors,

114 4443 183 4512 1643,
197 4448 277 4515 itt-4⁰,
292 4465 319 4516 p.
336 4447 399 4502 268.
662 4459 684 4502 t.
698 4449 742 4512 lv,
759 4465 785 4517 p.
798 4448 859 4504 566.
877 4451 908 4503 Ρ.
929 4451 950 4516 j.
970 4450 1012 4503 56.
