3128 5532
364 646 410 696 aa
434 642 557 696 suurn
581 644 763 696 couaouua
1016 626 1083 698 253

30 884 135 959 petiit,
149 887 292 962 indeque
305 883 489 944 ditissimum
503 882 700 958 reliquiarum
713 883 890 942 thesaurum
906 883 1017 944 Laetias
1036 903 1084 944 re·

31 983 189 1058 portavit,
201 1001 296 1055 anno,
306 995 341 1041 ut
355 981 428 1056 dixi,
444 981 526 1040 1208.
538 983 687 1054 Tandem,
700 995 825 1042 vacante
840 983 912 1042 aede
925 983 1083 1058 abbatiali,

33 1081 154 1155 dignus
181 1083 326 1142 inventus
352 1080 405 1156 qui
438 1079 656 1156 praeficeretur,
684 1080 798 1138 electus
820 1093 865 1140 est
890 1080 923 1140 in
942 1083 1084 1142 abbatem

34 1195 122 1237 anno
142 1182 234 1252 1225,
250 1180 295 1238 uti
308 1179 400 1238 latius
415 1179 590 1238 demonstro
605 1178 637 1236 iu
649 1177 813 1238 Hannonia
827 1191 932 1239 nostra
948 1179 1085 1240 Coenodi-

36 1278 99 1334 tica
115 1296 163 1336 ex
181 1278 333 1338 Chronico
347 1277 498 1338 Letiensi.

73 1395 88 1428 a
105 1377 215 1452 Hujus
227 1377 357 1434 Thomoe
374 1375 466 1434 irater
479 1373 536 1432 fuit
550 1374 704 1432 (letardus
713 1373 944 1448 Walcuriensis,
958 1373 1082 1435 Wslcu·

39 1471 94 1529 riae
110 1473 279 1548 Dominus,
299 1473 387 1547 cujus
403 1471 583 1547 preclaram
597 1469 784 1530 mentionem
802 1469 917 1530 iaciens
930 1471 1083 1532 ilenricus

40 1569 74 1626 in
92 1571 266 1647 diplomate
285 1589 343 1629 suo
359 1569 563 1630 Laetiensibus
574 1570 656 1642 dato,
669 1581 760 1630 vocat
773 1585 843 1628 euru
857 1569 990 1646 primum
1004 1569 1084 1630 inter

44 1667 194 1730 Pretores
208 1687 318 1728 suos.»

88 1851 251 1916 Brasseur
273 1849 378 1914 decrit
401 1839 536 1912 d'abord
559 1849 590 1912 le
614 1847 788 1932 reliquaire
810 1848 855 1912 du
873 1847 1081 1934 saint-sang,

49 1955 154 2021 ferme
167 1978 225 2042 par
237 1977 302 2022 une
318 1955 473 2020 monnaie
489 1953 663 2040 byzantina
678 1974 741 2038 que
755 1953 807 2038 j'ai
822 1953 950 2018 etudiee
960 1955 1041 2020 dans
1052 1957 1083 2021 la

50 2063 160 2128 Reme
173 2065 212 2129 de
224 2061 491 2146 Numismatique
506 2061 527 2124 ¹.
545 2061 625 2126 Puis
640 2060 664 2126 il
678 2061 835 2125 continue
851 2079 859 2124 :

88 2297 137 2334 ι..
192 2277 344 2335 Praeterea
362 2275 465 2334 videre
479 2287 525 2335 est
539 2275 571 2333 in
590 2274 764 2350 repositorii
781 2271 964 2333 venerabilis
983 2293 1083 2334 sacra-

51 2373 146 2432 menti
159 2391 298 2450 suprema
311 2387 407 2449 parte,
423 2373 565 2431 undecim
580 2373 711 2430 Corona
726 2371 839 2448 spineae
854 2384 1020 2448 segmenta,
1035 2373 1082 2432 di-

52 2483 138 2526 versa
159 2472 366 2548 magnitudine
391 2489 454 2530 non
476 2471 577 2530 minus
600 2470 692 2530 medii
715 2470 813 2546 digiti,
832 2471 952 2530 decenti
973 2471 1082 2531 ordine

52 2563 88 2620 ad
103 2567 328 2627 similitudinem
346 2586 469 2628 coronae
484 2567 642 2644 disposita.

85 2687 100 2716 a
160 2667 331 2727 illustratur
345 2667 451 2725 eadem
464 2666 667 2725 'llresauraria
687 2665 806 2724 duabus
825 2666 893 2724 aliis
911 2667 1024 2726 tabulis
1045 2687 1082 2726 ex

51 2777 172 2836 argento
185 2779 215 2824 et
228 2783 304 2824 auro
318 2765 508 2841 compositis,
521 2763 650 2840 figuram
665 2764 947 2823 semiorbicularem
961 2778 991 2824 et
1006 2783 1080 2840 qua·

52 2860 259 2938 drangularem
278 2863 369 2922 simul
389 2881 500 2939 praese
519 2862 707 2937 serentibus;
729 2861 842 2938 quibus
856 2862 1002 2922 notabilis
1016 2881 1081 2922 rna·

52 2964 212 3033 gnitudinis
230 2965 390 3042 portiones
404 2964 604 3026 sanctissime
619 2962 726 3021 Crucis
745 2962 952 3032 includuntur,
970 2975 1081 3038 aptatae

52 3057 81 3118 in
91 3065 211 3123 nodum
221 3063 330 3122 Crucis
339 3062 627 3140 Hierosolymitanae
636 3074 666 3120 et
676 3061 720 3120 ita
730 3061 885 3119 adornatae
899 3060 1082 3122 liberalitate

53 3172 81 3218 et
91 3163 296 3222 munificentia
316 3163 360 3222 ill.
375 3181 411 3222 ac
424 3163 499 3224 nob.
517 3161 574 3220 viri
590 3160 709 3236 Equitis
725 3159 823 3218 aurati
833 3159 923 3218 Doni.
939 3159 1082 3219 Richardi

54 3255 88 3314 de
106 3259 198 3335 blois,
212 3259 315 3319 fratris
329 3261 464 3336 germani
479 3259 648 3319 Reverendi
668 3258 834 3320 admodum
855 3257 944 3316 Dom.
961 3255 1078 3316 Ludov.

54 3353 88 3411 de
103 3357 192 3416 Blois.

86 3455 279 3516 «Habentur
304 3468 451 3532 praeterea
479 3457 514 3516 32
536 3456 693 3533 particule
715 3455 850 3532 ejusdem
880 3453 1079 3514 sanctissime

56 3549 188 3614 Crucis...

85 3673 97 3704 r
117 3651 261 3711 Similiter
279 3653 311 3711 in
331 3653 414 3712 hisce
431 3653 544 3714 tabuiis
558 3654 661 3712 videre
683 3666 729 3712 est
747 3665 817 3712 octo
832 3652 997 3730 particulas
1017 3651 1080 3708 Co·

57 3763 130 3806 ronae
145 3751 258 3827 spiueae
277 3753 449 3812 reconditas
463 3766 534 3812 octo
549 3752 761 3811 consimilibus
777 3763 847 3811 ante
864 3750 953 3810 dictis
968 3748 1080 3807 numis-

57 3849 210 3908 natibus...

88 3947 246 4006 «Alterum
261 3949 455 4025 elegantioris
470 3947 710 4025 recentiorisque
724 3947 830 4006 formae
845 3947 1078 4023 phylacterium,

58 4059 169 4118 argento
183 4047 325 4106 inaurato
339 4067 412 4106 cura
427 4063 457 4106 et
472 4051 557 4124 jussu
574 4049 645 4106 Rev.
659 4047 824 4106 admodum
838 4048 872 4104 P.
887 4047 965 4104 Lud.
984 4049 1081 4106 Blosii

59 4142 246 4220 elaboratum,
258 4147 407 4222 superiori
417 4159 501 4223 parte
515 4147 648 4223 speciem
660 4146 839 4221 quadratam
849 4145 1082 4222 exhibens‚cum

92 4421 243 4491 t.1898‚p.
263 4423 326 4476 382.
