3130 5514
396 677 440 726 LA
462 671 587 726 sutura
610 671 722 724 Larice

530 979 577 1020 20.

516 1112 599 1188 1098.

79 1238 193 1300 Accidit
206 1249 319 1312 antem,
326 1247 490 1314 postqum
501 1235 607 1297 ciritae
616 1247 704 1312 capta
713 1245 770 1309 cst,
779 1252 797 1295 a
806 1237 939 1312 quodam
947 1237 1072 1300 homine

50 1339 195 1398 lanceam
205 1353 300 1396 unam
313 1335 453 1410 inveniri,
460 1352 552 1410 quam
563 1334 596 1392 in
609 1331 738 1392 ecclesia
752 1333 831 1394 beati
845 1334 927 1394 Petri
941 1337 1072 1412 apostoli

49 1438 122 1496 fossa
135 1435 231 1494 humo
244 1447 405 1511 repertam,
417 1433 610 1492 asseverabat
623 1449 690 1490 esse
699 1431 828 1490 illamde
840 1449 901 1508 qua
916 1433 1074 1510 Longinus

49 1535 77 1592 in
93 1535 186 1593 latere
213 1533 321 1592 dextro
348 1531 514 1602 Christum,
538 1530 706 1590 secundum
731 1531 914 1607 Scripturas,
928 1535 1069 1610 pupugit.

49 1633 149 1692 Aiebat
162 1631 246 1692 enirn
259 1631 318 1690 hoc
333 1643 467 1691 ssancto
482 1631 603 1689 Andrea
622 1629 762 1705 apostolo
780 1629 946 1688 revelatum
958 1631 1072 1702 troisse.

51 1731 85 1788 Et
97 1747 193 1806 qaum
206 1729 250 1786 sic
264 1729 387 1788 inuenta
401 1729 518 1802 luisset,
533 1739 563 1787 et
578 1726 723 1802 episcopo
744 1727 888 1786 Podiensi
903 1741 993 1804 atque
1004 1731 1074 1788 liei·

51 1829 157 1887 mundo
175 1827 283 1887 comiti
301 1827 360 1888 hoc
376 1828 441 1904 ipse
458 1827 639 1898 intimasset,
657 1825 689 1885 id
703 1825 865 1902 episcopus
883 1825 993 1886 ialsurn
1008 1843 1075 1888 esse

50 1926 166 2002 putarit,
181 1941 285 1984 comes
301 1943 374 1986 vero
388 1943 491 1984 renim
506 1923 646 1999 speravit.
663 1923 725 1983 Sed
743 1939 839 1998 quum
856 1925 956 1984 omnis
975 1943 1076 2003 popu-

51 2027 171 2098 lus,lsoc
184 2023 292 2084 audito
314 2021 462 2094 exultans,
478 2023 576 2080 Deum
597 2021 726 2097 proinde
748 2019 958 2098 glorificasset,
973 2039 1004 2086 et
1021 2043 1076 2102 per

51 2137 163 2184 centum
174 2123 239 2182 iere
250 2121 317 2180 dies
326 2121 365 2180 ab
377 2119 519 2180 omnibus
532 2120 566 2180 in
575 2120 771 2180 veneratione
783 2137 892 2196 magna
901 2121 1074 2202 haberetur,

52 2235 77 2278 et
89 2239 106 2278 a
118 2221 230 2280 comite
246 2219 425 2290 Raimundo,
443 2217 495 2294 qui
510 2235 577 2276 eam
595 2218 796 2292 custodiebat,
811 2219 941 2294 gloriose
962 2235 1076 2282 tracta-

53 2331 135 2395 retur,
148 2316 278 2394 contigit
293 2316 406 2374 rnultos
423 2315 461 2376 de
475 2315 557 2376 clero
573 2333 608 2374 ac
624 2316 740 2394 populo
753 2316 893 2377 haesitare
912 2321 996 2395 quod
1012 2339 1075 2382 non

53 2431 124 2478 essct
138 2417 192 2476 illa
211 2413 364 2474 dominica
379 2413 509 2488 Lancea,
525 2413 579 2472 sed
593 2414 630 2472 ab
645 2413 769 2472 homine
782 2415 836 2474 illo
857 2416 969 2476 stolido
981 2419 1076 2480 altera

52 2529 108 2574 erat
123 2513 271 2574 fallaciter
291 2509 423 2570 inventa.
443 2511 644 2586 Quapropter,
665 2510 797 2569 concilio
820 2512 896 2571 inito
911 2527 941 2573 et
961 2515 1076 2591 jejunio

52 2613 187 2671 triduano
200 2608 345 2668 acunctis
358 2619 471 2666 statuto
484 2619 514 2666 et
528 2607 619 2682 iacto,
635 2625 703 2666 cunt
718 2608 938 2684 supplicatione
950 2629 1077 2687 precum

53 2711 87 2768 ad
101 2711 207 2782 Deum
223 2725 317 2784 quum
330 2706 481 2782 lignorum
496 2718 610 2764 struem
623 2705 655 2764 in
667 2706 768 2764 medio
787 2725 895 2784 campo
909 2722 979 2768 unte
993 2711 1078 2787 oppi-

52 2807 120 2865 dum
138 2807 255 2866 Ascliae
278 2803 517 2876 succendissent,
536 2816 645 2862 octavo
668 2821 772 2863 mense
793 2817 863 2881 post
883 2807 1078 2867 Antiochiam

53 2919 173 2982 captsm,
185 2901 399 2964 benedictione
408 2900 544 2976 judiciali
555 2918 647 2976 super
656 2899 756 2976 ipsum
765 2901 866 2978 ignem
877 2905 916 2961 ab
926 2904 1079 2980 episcopis

54 3003 283 3076 lacta,inrentor
294 3002 422 3060 Lancctc
436 3015 490 3075 per
499 2999 633 3058 medium
645 2999 712 3076 rogi
721 2999 915 3074 flammantis,
926 3001 1005 3060 sicut
1014 3002 1079 3078 ipse

54 3117 103 3174 pro
116 3099 293 3158 affirmanda
314 3097 439 3158 veritate
458 3114 513 3156 sus
536 3095 602 3156 fieri
624 3111 817 3173 poposcerat,
837 3097 918 3156 ultro
942 3099 1082 3158 celeriter

54 3193 250 3256 trensmearit.
273 3196 344 3266 Quo
354 3193 495 3262 transito,
505 3193 592 3252 illum
609 3193 764 3252 hominem
776 3194 814 3252 de
827 3193 957 3253 flammis
971 3213 1082 3256 exeun·

55 3305 118 3371 tem,
138 3311 285 3373 tanquam
305 3313 390 3354 rcum
408 3293 441 3353 in
464 3306 534 3352 cute
556 3305 722 3352 crematum
743 3309 977 3370 conspexerunt,
1001 3309 1031 3355 et
1049 3297 1081 3356 in

56 3390 200 3454 interioris
223 3392 360 3470 corporis
380 3403 467 3468 perte
487 3390 595 3450 lesum
618 3403 715 3450 morte
742 3390 965 3452 intellexerunt.
989 3394 1082 3464 Qnod

57 3491 137 3552 edam
151 3494 196 3552 rei
208 3493 307 3552 exitus
322 3489 497 3562 declaravit,
508 3506 602 3566 quum
616 3489 666 3548 die
680 3489 863 3549 duodecimo
880 3490 947 3566 ipso
967 3507 1081 3566 angore

57 3591 231 3650 cauteriatus
244 3589 330 3650 obiit.
347 3589 386 3648 Et
399 3587 471 3663 quia
483 3588 524 3644 ob
539 3586 688 3646 honorem
701 3599 731 3646 et
745 3605 880 3646 amorem
895 3587 961 3660 Dei,
976 3605 1082 3647 ornnes

59 3685 200 3748 lanceam
212 3689 299 3748 illam
312 3685 447 3746 venerati
460 3685 590 3758 fucrant,
606 3685 666 3744 hoc
679 3685 794 3761 judicio
808 3685 852 3744 sic
865 3698 1082 3762 peracto,eon·

57 3783 156 3844 tristati
180 3787 281 3858 valde,
307 3795 517 3844 remanserunt
538 3783 699 3854 increduli,
723 3782 775 3858 qui
796 3783 880 3858 prius
907 3783 1083 3843 exstitersnt

58 3881 139 3958 huius
158 3884 202 3944 rei
216 3884 345 3946 creduli.
360 3885 470 3943 Comes
488 3897 591 3942 tamen
612 3882 801 3942 Raimundus
816 3883 869 3941 diu
889 3901 955 3942 cern
976 3896 1083 3960 postea

60 3999 188 4044 serravit.

139 4107 287 4173 (Veniente
303 4123 312 4160 .·
331 4109 432 4163 Comes
453 4119 546 4162 tamen
568 4109 747 4162 liaimundus
763 4109 860 4161 tandin
876 4121 939 4159 cam
957 4107 1083 4172 servant,

112 4197 198 4249 douec
213 4211 288 4262 eam,
301 4201 396 4251 nescio
412 4215 468 4267 quo
480 4210 590 4263 erema,
606 4198 737 4268 perdidit,
746 4215 773 4266 p.
785 4197 845 4264 34⁵,
862 4197 902 4264 n.)

144 4285 294 4350 [Fulcherii
305 4285 485 4340 Carnotensis
496 4287 580 4340 Gesta
592 4286 831 4354 peregrinantium
843 4285 1013 4338 Francorum
1025 4297 1085 4336 cum

114 4375 197 4426 amir
214 4373 382 4428 llerurolem
402 4376 587 4444 pergentium,
610 4391 655 4444 sp.
676 4375 751 4430 Hist.
766 4375 851 4429 occid.
865 4373 913 4428 des
930 4371 1085 4436 croisades,

116 4474 135 4516 t.
153 4465 200 4532 lll,
214 4481 242 4534 p.
260 4465 333 4533 3441
