3130 5514
571 625 637 696 ¹24
751 625 860 678 sores
884 625 927 676 ar
949 610 1080 674 arunas
1103 611 1416 686 nncaaouomouas

563 871 666 924 autem
684 863 760 923 nihil
774 880 841 923 esse
855 873 965 940 prester
979 863 1071 924 verba
1084 863 1202 940 putavit
1215 879 1223 922 t
1234 879 1338 924 comes
1348 881 1426 922 vero

563 961 652 1035 didit,
667 975 697 1024 et
710 962 797 1021 illum
811 961 864 1038 qui
878 961 938 1020 hoc
952 960 1069 1020 dixerat
1087 961 1245 1038 capellano
1264 979 1321 1020 suo
1343 961 1441 1020 Raim

563 1059 743 1120 todiandum
755 1057 892 1121 tradidit.

657 1185 818 1252 [Ralmundi
850 1185 885 1238 de
915 1185 1043 1252 Agullers
1071 1183 1198 1238 Historia
1231 1183 1418 1250 Francorum,

623 1274 806 1330 occidemm
821 1273 869 1328 des
884 1272 1041 1336 croisades,
1058 1283 1077 1326 t.
1091 1273 1137 1336 lll,
1150 1289 1180 1342 p.
1196 1271 1340 1340 allodi]

598 1539 653 1556 .....
670 1499 716 1558 Εο
730 1509 877 1572 tempore,
900 1495 1093 1572 contigerunt
1114 1497 1205 1556 uobis
1226 1497 1368 1574 plurima
1389 1513 1441 1554 rev

562 1613 616 1673 per
630 1595 737 1654 iratres
751 1607 882 1668 nostros,
897 1607 927 1654 et
942 1593 1061 1672 signum
1076 1593 1108 1652 in
1118 1595 1198 1654 coelo
1211 1592 1352 1654 mirabile
1367 1592 1442 1650 vidit

561 1695 648 1754 stella
669 1695 809 1770 quaedam
832 1693 964 1753 maxima
983 1711 1038 1770 per
1062 1704 1184 1751 noctem
1211 1710 1302 1769 super
1325 1695 1442 1754 civitat«

561 1809 630 1868 qum
642 1805 711 1868 post
722 1791 847 1868 paulurn
862 1791 893 1850 in
907 1805 968 1852 tres
978 1805 1079 1866 partes
1093 1791 1189 1850 divisa
1203 1805 1258 1864 est,
1275 1805 1368 1868 atque
1381 1793 1414 1852 in
1429 1795 1442 1851 l

561 1889 669 1948 castris
695 1889 816 1948 cecidit.
834 1887 1005 1948 Consortati
1025 1888 1117 1964 igitur
1137 1889 1362 1966 aliquantulum
1387 1909 1442 1948 noe

561 1985 711 2062 quintum,
724 2005 816 2062 quem
826 1985 1008 2062 praedixerat
1020 1987 1163 2046 sacerdos
1180 1989 1409 2064 exspectabant.
1423 1991 1442 2046 E

560 2085 623 2160 illa,
644 2089 821 2164 preparatis
836 2087 1026 2159 necessariis,
1042 2088 1203 2148 duodecim
1223 2089 1373 2160 ulricum
1398 2090 1440 2148 ho

560 2186 661 2262 quide
677 2189 797 2247 Lancea
811 2187 938 2259 dixerat,
949 2187 1053 2262 ejectis
1067 2187 1106 2246 de
1120 2187 1248 2246 ecclesia
1260 2187 1345 2247 Beati
1359 2187 1443 2246 Petri

560 2283 638 2356 aliis,
654 2283 758 2344 fodere
774 2285 934 2362 coepimus.
952 2285 1021 2345 Fuit
1032 2299 1134 2344 autem
1151 2285 1256 2346 inillis
1270 2285 1437 2344 duodecim

560 2397 671 2456 scopus
684 2381 896 2442 aurasicensis
911 2395 940 2442 et
956 2381 1119 2441 Raimundi
1129 2381 1249 2442 comitis
1259 2381 1443 2458 capellanus,

559 2477 689 2554 scripsit,
712 2479 821 2556 etipse
841 2495 955 2551 comes,
970 2491 1000 2538 et
1019 2479 1146 2540 Pontius
1160 2481 1198 2538 de
1214 2479 1386 2552 Baladuno,
1404 2493 1433 2538 et

558 2575 596 2634 de
617 2575 759 2634 Tornaia.
780 2577 944 2652 Quumque
962 2593 980 2636 a
1000 2593 1089 2635 mane
1109 2593 1206 2652 usque
1225 2577 1264 2636 ad
1281 2593 1443 2653 vesperum

558 2690 638 2744 mus,
653 2671 683 2731 in
699 2691 824 2748 vespere
838 2673 1000 2750 desperare
1013 2673 1137 2748 quidam
1146 2675 1184 2734 de
1199 2673 1375 2733 inventione
1388 2675 1443 2732 Lar

555 2785 677 2847 petunt.
699 2773 887 2833 Discesserat
907 2773 988 2833 enim
1006 2792 1108 2834 comes
1126 2787 1251 2850 propter
1267 2773 1385 2834 castelli
1406 2791 1444 2832 cu

558 2869 612 2928 ssd
634 2869 704 2930 loco
727 2870 810 2930 illius
831 2885 861 2931 et
884 2871 1014 2930 aliorum
1038 2872 1091 2948 qui
1113 2871 1259 2930 fodiendo
1280 2871 1444 2948 fatigabant

558 2980 694 3027 recentes
708 2967 938 3040 inducebamus,
960 2967 1012 3044 qui
1028 2969 1155 3028 viriliter
1176 2968 1262 3046 operi
1276 2968 1444 3026 insisterent

556 3078 659 3124 autem
673 3065 790 3141 juvenis
805 3065 857 3142 qui
867 3065 906 3124 de
922 3066 1042 3125 Lancea
1052 3065 1169 3126 dixerat
1181 3083 1237 3124 nos
1245 3065 1411 3141 defatigari,
1424 3067 1442 3123 d

556 3175 587 3220 et
600 3162 784 3222 discalciatis
803 3163 932 3238 pedibus
949 3163 981 3222 ia
999 3161 1124 3222 camisia
1138 3163 1170 3222 in
1186 3163 1302 3223 lorcam
1319 3163 1444 3222 descend

556 3257 725 3317 obtestatus
748 3271 794 3317 est
816 3275 873 3316 nos
901 3271 935 3318 ut
957 3259 1055 3317 Deum
1075 3259 1316 3334 deprecaremur,
1338 3261 1442 3336 quatin

557 3355 709 3414 Lanceam
721 3373 807 3415 suam
821 3357 961 3416 redderet
975 3355 1007 3414 in
1028 3357 1282 3418 confortationem
1300 3371 1331 3417 et
1347 3359 1443 3418 victor

553 3453 664 3529 plebis.
686 3454 824 3513 Tandem
846 3471 901 3530 per
925 3453 1053 3531 gratiam
1075 3455 1198 3530 pietatis
1225 3473 1289 3516 suae
1312 3473 1444 3516 commor

556 3551 706 3610 Dominus
720 3565 754 3612 ut
763 3553 914 3611 Lanceam
929 3570 1016 3611 suam
1030 3553 1120 3612 nobis
1135 3555 1285 3614 ostendat.
1294 3555 1332 3614 Et
1343 3571 1398 3630 ego
1410 3571 1444 3628 qt

555 3649 631 3721 haec,
645 3667 738 3726 quum
752 3651 836 3708 solus
848 3667 955 3709 mucro
967 3649 1067 3708 adhuc
1085 3664 1244 3726 appareret
1256 3668 1346 3727 super
1358 3663 1444 3709 terrai

555 3745 633 3806 latus
648 3765 716 3806 sum
729 3765 807 3806 eam.
822 3749 978 3820 Quantum
995 3747 1140 3824 gaudium
1165 3762 1196 3808 et
1214 3749 1372 3808 exsultatio
1390 3761 1441 3806 tun

555 3855 616 3902 tem
631 3844 757 3920 replevit
779 3861 842 3902 non
864 3861 989 3920 possum
1015 3843 1128 3906 dicere.
1149 3845 1275 3904 Inventa
1289 3857 1334 3904 est
1351 3856 1444 3902 autem

555 3952 662 3998 octavo
677 3939 795 3998 decimo
806 3939 951 4000 kalendas
966 3939 1032 4018 julii
1042 3941 1061 3997 ¹.

633 4061 724 4129 [osa.
737 4079 765 4131 p.
782 4063 856 4132 ²⁵7·l

589 4263 621 4315 14
635 4249 694 4314 juin
712 4247 788 4320 1098.
