3128 5532
465 610 534 680 250
647 627 756 680 noras
778 627 822 678 ar
844 612 973 679 annuns
995 613 1299 692 mcrmotocronns

313 853 439 984 Ἥ
502 869 591 936 C'est
610 887 653 933 au
666 867 753 932 clerc
764 867 883 931 Simon
896 867 937 930 de
959 865 1141 932 Beaumont
1154 867 1176 949 ¹,
1191 885 1223 934 et
1237 889 1306 935 non
1321 872 1365 936 de
1384 873 1493 937 Beau·

463 978 527 1042 fort
548 977 571 1052 ¹,
598 975 775 1060 qu’Henri,
798 994 971 1058 empereur
991 975 1032 1038 dc
1054 975 1338 1062 Constantinople,
1363 981 1491 1060 donna,

462 1105 504 1148 en
518 1083 623 1166 juillet
641 1101 734 1165 1207,
748 1081 796 1146 les
816 1081 958 1164 reliques
978 1081 1019 1145 de
1039 1081 1229 1166 lachapelle
1245 1085 1285 1148 de
1300 1085 1490 1166 Bucoleon,

462 1212 526 1276 que
557 1211 642 1255 nous
675 1205 870 1254 retrourons
906 1189 1095 1253 dnumirees
1129 1191 1210 1254 dans
1237 1211 1282 1254 un
1308 1195 1374 1258 tres
1411 1195 1491 1258 vieil

462 1299 642 1365 inventaire
655 1299 695 1362 de
715 1297 748 1362 la
765 1295 935 1380 collegiale
948 1297 989 1360 de
1004 1295 1179 1382 Courtray,
1193 1317 1268 1362 sans
1292 1301 1378 1384 date,
1400 1302 1489 1368 ainsi

461 1426 569 1488 conco
584 1425 593 1470 ι

497 1618 511 1650 a
530 1593 722 1670 Speciiieatio
743 1589 923 1667 perantiqua
937 1589 1143 1666 relliquiarum
1160 1593 1296 1653 ecclesiae
1313 1596 1487 1673 collegiatae

460 1719 476 1748 a
491 1693 713 1754 Curtncensis.

496 1793 660 1868 «Inparva
673 1807 765 1848 aurea
782 1807 880 1848 cruce.
897 1789 941 1848 De
953 1789 1036 1865 ligno
1052 1801 1162 1848 sanctie
1177 1789 1282 1848 Crucis
1296 1791 1332 1849 D.
1349 1793 1388 1850 N.
1402 1795 1420 1852 J
1424 1837 1432 1851 .
1448 1794 1482 1852 C.

495 1914 510 1946 a
526 1894 561 1950 In
573 1892 676 1950 tabula
691 1908 792 1949 aurea
808 1891 852 1948 De
865 1889 982 1965 capillis
993 1889 1126 1961 Domini,
1141 1890 1179 1946 de
1195 1889 1277 1965 ligno
1291 1903 1394 1949 sancte
1407 1893 1483 1950 Cru-

457 1991 502 2049 cis
514 1989 648 2060 Domini,
658 1988 697 2046 de
712 1987 873 2063 sepulchro
885 1987 1065 2060 Domini,de
1073 2003 1205 2063 purpura
1218 1987 1393 2054 Domini.de
1405 2006 1482 2063 pan·

457 2089 506 2149 nis
519 2087 654 2148 infantiae
666 2085 799 2156 Domini,
810 2086 847 2142 de
861 2085 960 2160 lapide
975 2085 1076 2160 inquo
1087 2085 1234 2144 Dominus
1246 2099 1309 2144 erat
1322 2085 1480 2161 depositus

456 2189 495 2246 de
509 2204 610 2258 cruce,
630 2186 667 2242 de
682 2183 822 2259 presepio
837 2183 970 2254 Domini,
985 2183 1023 2241 de
1037 2183 1140 2258 spinea
1159 2201 1271 2241 corona
1286 2184 1422 2258 Domini,
1442 2185 1479 2242 de

455 2283 604 2344 arundine
619 2281 752 2352 Domini,
767 2282 805 2338 de
819 2293 901 2338 reste
916 2280 1039 2338 Domini
1053 2280 1120 2354 ipso
1137 2280 1271 2352 vendito,
1290 2281 1327 2338 de
1350 2280 1478 2340 sindone

455 2381 591 2454 Domini,
601 2382 639 2438 de
653 2381 807 2438 cunabulo
819 2378 951 2452 Domini,
962 2378 1000 2436 de
1014 2378 1114 2454 lapide
1128 2377 1239 2437 montis
1246 2378 1392 2438 Calvttrie.
1409 2401 1424 2434 ι

493 2562 545 2626 Μ.
568 2561 599 2624 le
619 2559 782 2624 chanoine
807 2558 880 2622 Van
904 2559 944 2620 de
967 2557 1072 2638 Putte,
1087 2558 1194 2640 doycn
1218 2558 1262 2620 du
1286 2557 1412 2621 district
1436 2558 1475 2620 de

452 2667 619 2742 Courtrai,
630 2688 649 2732 a
659 2667 735 2731 bien
748 2665 852 2728 voulu
867 2685 920 2728 me
934 2665 1186 2748 communiquer
1200 2664 1337 2729 l'extrait
1348 2665 1474 2730 suivant

450 2780 508 2844 des
520 2781 620 2842 Actes
636 2773 842 2860 capitulaires
856 2773 897 2835 de
912 2773 1038 2848 N.·D.,
1053 2773 1098 2836 du
1117 2793 1149 2836 11
1168 2776 1245 2836 aoilt
1260 2773 1339 2836 1612
1357 2791 1365 2835 :

486 2988 501 3020 a
516 2965 595 3024 Ante
609 2963 785 3040 prandium.
805 2963 849 3020 De
864 2961 1011 3037 reliquiis.
1028 2961 1062 3018 ln
1075 2960 1180 3036 primis
1191 2978 1246 3036 per
1261 2960 1375 3020 litteras
1390 2961 1471 3021 Hen-

450 3064 505 3123 rici
520 3061 716 3138 Imperatoris
740 3062 778 3118 de
797 3061 868 3118 data
883 3075 966 3134 1207,
980 3078 1050 3117 cum
1068 3060 1151 3117 bulla
1167 3077 1258 3118 aurea
1275 3061 1471 3136 appendente,

448 3175 569 3224 constat
583 3161 663 3218 inter
680 3159 755 3217 alias
775 3157 919 3234 reliquias
933 3159 1033 3233 ipsum
1052 3158 1263 3232 imperatorem
1277 3159 1396 3217 dedisse
1409 3159 1472 3217 cui-

448 3263 520 3320 dam
534 3258 684 3334 Magistro
699 3256 871 3314 Simonide
888 3254 1088 3326 Bellomonte‚
1108 3254 1250 3330 reliquias
1264 3255 1301 3312 de
1314 3254 1396 3330 ligno
1411 3255 1471 3312 Do·

448 3358 534 3419 mini.
548 3357 734 3434 Approbatae
747 3373 802 3430 par
817 3351 1111 3410 Reverendissimum
1122 3353 1200 3427 (Mgr
1214 3351 1324 3410 Michel
1338 3353 1468 3424 d’Esne).

482 3483 499 3514 a
521 3459 597 3516 Duae
624 3454 745 3512 laminae
772 3463 922 3527 argenteae
954 3449 1109 3520 inauratae,
1137 3449 1168 3506 in
1197 3466 1323 3524 quarunt
1351 3449 1469 3525 quidem

445 3577 508 3619 una
538 3555 666 3631 sculptre
689 3564 785 3624 erant,
809 3549 917 3610 litteris
940 3547 1139 3624 perantiquis,
1161 3547 1207 3606 hte
1238 3549 1468 3626 inscriptiones:

446 3661 492 3718 De
514 3655 620 3732 spinea
643 3668 757 3709 corona
774 3648 908 3720 Domini,
928 3648 965 3705 de
987 3646 1133 3704 arundine
1152 3645 1284 3717 Domini,
1297 3647 1335 3704 de
1351 3647 1468 3724 cingulo

445 3754 582 3828 Domini,
594 3755 631 3811 de
644 3763 726 3810 veste
736 3747 869 3821 Domini,
878 3748 916 3805 de
927 3745 1027 3822 lapide
1041 3744 1152 3802 montis
1162 3743 1318 3802 Calvariae.
1330 3745 1365 3802 ln
1380 3745 1468 3802 altera

444 3867 546 3916 autern
567 3863 654 3912 erant
674 3849 722 3906 lue
741 3845 955 3921 inscriptiones
968 3855 1128 3919 sequentes
1149 3843 1218 3900 :De
1235 3841 1317 3918 ligno
1339 3841 1466 3912 Domini,

443 3957 483 4014 de
496 3963 580 4012 veste
597 3963 751 4026 purpurea
771 3943 903 4016 Domini,
926 3942 964 4000 de
992 3940 1110 4016 capillis
1124 3939 1255 4010 Domini,
1282 3941 1319 4000 de
1333 3940 1466 4016 sepulcro

443 4048 578 4120 Domini,
586 4048 624 4106 de
636 4043 746 4122 pannis
755 4041 889 4101 infantiae
902 4039 1084 4113 Dominicis
1095 4038 1196 4114 lapide
1209 4037 1241 4098 in
1252 4055 1313 4114 quo
1324 4037 1466 4097 Dominus

442 4149 562 4229 positus
574 4157 640 4206 erat
653 4145 692 4204 de
706 4161 808 4218 cruce,
819 4143 858 4202 de
871 4139 1021 4218 presepio
1035 4137 1166 4198 Domini.
1185 4159 1199 4192 ι

478 4355 501 4393 ι.
515 4337 644 4402 Emit,
658 4345 678 4387 t.
690 4333 725 4398 ll,
740 4349 770 4401 p.
788 4331 831 4400 78.
1001 4329 1071 4383 dans
1082 4324 1275 4394 ietFlarrdrer,
1286 4341 1314 4393 p.
1323 4321 1368 4396 93.

474 4443 503 4484 a.
516 4427 681 4486 Dehaitnes.
708 4421 784 4476 Hirr.
805 4420 840 4475 de
858 4419 922 4473 tart
