3130 5514
572 615 636 688 138
749 631 859 686 uorus
882 631 925 680 nr
948 617 1078 680 stupes
1101 615 1414 690 aucusonomonus

564 871 704 945 ecclesia,
720 871 752 930 in
766 888 827 946 que
845 869 957 928 fuerint
973 867 1127 944 reposita,
1140 867 1206 926 lieri
1223 867 1322 940 liceat,
1339 881 1370 928 et
1391 881 1454 927 extr

564 973 618 1034 riis
632 969 860 1030 ostensionibus
877 967 1063 1044 hujusmodi,
1081 966 1184 1026 debita
1197 965 1378 1028 exhibeatur
1402 985 1454 1027 ver

563 1070 714 1146 condigna
728 1067 896 1128 reverentia
908 1067 1094 1126 observetur.
1157 1063 1160 1072 ’

599 1173 696 1230 Porro
714 1181 749 1228 ut
766 1171 807 1227 ob
820 1165 1029 1240 Reliquiarum
1049 1163 1263 1240 praedictarum
1277 1165 1454 1226 veneratior

561 1268 727 1328 liuentibus
749 1265 954 1344 spiritualium
976 1281 1038 1324 non
1059 1263 1159 1324 desint
1179 1281 1305 1322 munera
1327 1264 1454 1340 gratim

561 1365 717 1442 cupientes
736 1381 842 1422 omnes
860 1361 930 1422 ilios
949 1361 1001 1438 qui
1020 1361 1059 1420 ed
1078 1361 1137 1420 hoc
1151 1361 1260 1422 devote
1277 1361 1451 1422 confluxeri

560 1463 690 1526 tualium
709 1462 846 1522 refovere
867 1460 1045 1520 muneribus
1067 1459 1243 1536 gratiarum,
1262 1477 1371 1518 omnes
1396 1460 1451 1518 ind

561 1575 591 1622 et
600 1573 796 1638 peccatorum
806 1559 1011 1632 remissiones,
1022 1575 1076 1633 per
1087 1559 1239 1618 Romanos
1246 1557 1454 1634 pontifices,p

560 1675 645 1718 sores
665 1667 797 1726 nostros,
814 1655 1064 1716 interessendbus
1082 1655 1248 1714 ostensioni
1262 1655 1454 1730 Reliquiarut

560 1756 655 1830 modi,
665 1771 718 1816 aut
732 1758 764 1816 in
776 1758 882 1832 Missa,
895 1771 948 1817 tut
961 1757 1089 1833 singulis
1103 1757 1187 1816 horis
1201 1757 1359 1816 canonicis
1370 1759 1454 1816 solen

561 1853 685 1914 «Armis
695 1857 831 1916 Christi»
843 1856 874 1914 in
889 1855 949 1914 illis
960 1855 1099 1931 partibus
1108 1855 1262 1926 institutis,
1278 1855 1310 1914 in
1320 1855 1454 1931 provinc

560 1969 667 2010 norum
681 1952 783 2029 Regis,
795 1969 852 2027 pro
866 1963 1002 2026 ternpore
1017 1951 1182 2022 existentis,
1199 1969 1253 2010 seu
1267 1951 1343 2010 alias
1362 1969 1454 2026 quom

559 2048 705 2109 hactenus
726 2065 898 2122 concessas,
919 2047 1099 2110 auctoritate
1120 2047 1275 2124 predicta,
1292 2065 1329 2106 er
1351 2061 1436 2108 certa

559 2145 749 2220 innovamus,
764 2159 794 2206 et
808 2147 899 2206 etiem
912 2147 1139 2217 confirmemus,
1152 2163 1188 2206 ac
1202 2163 1264 2222 quo
1276 2147 1315 2206 ad
1325 2147 1406 2218 illos,
1419 2167 1454 2222 qu

559 2244 727 2304 ostensioni
751 2244 909 2303 scidisse
933 2255 963 2302 et
986 2243 1070 2302 horis
1090 2243 1245 2302 canonicis
1260 2243 1450 2318 hujusmodi,

558 2343 690 2414 civitate,
710 2341 801 2402 etiam
815 2343 939 2402 absente
953 2342 1036 2402 dicto
1052 2343 1143 2418 Rege,
1154 2341 1346 2402 interfuerint
1359 2359 1430 2401 vere
1444 2363 1454 2418 1

557 2451 604 2499 tes
618 2453 648 2499 et
662 2439 805 2514 confessi,
820 2439 1012 2498 extendimus
1022 2457 1057 2498 ec
1067 2439 1111 2498 eis
1122 2455 1247 2514 prorsus
1262 2439 1370 2498 cedere
1385 2441 1454 2498 volu

556 2551 732 2615 presentes.
748 2539 786 2598 Et
800 2538 925 2614 insuper
940 2537 995 2596 Dei
1010 2537 1228 2614 omnipotentis
1251 2538 1454 2598 misericordis

557 2649 659 2698 torum
674 2637 756 2696 Petri
771 2649 801 2696 et
813 2637 899 2696 Pauli
913 2637 1131 2712 Apostolorum
1145 2637 1222 2713 ejus,
1234 2637 1451 2712 predictorum

557 2747 620 2794 tate
643 2733 762 2808 confisi,
791 2735 932 2792 omnibus
959 2751 1029 2794 vere
1056 2733 1277 2808 penitentibus
1302 2747 1333 2794 et
1355 2735 1453 2794 confes

558 2849 668 2892 annum
683 2832 851 2892 ostensioni
866 2831 1073 2908 Reliquierum
1083 2832 1269 2908 hujusmodi,
1278 2833 1380 2892 devoti
1391 2833 1452 2892 inte

558 2945 673 3009 septem
688 2949 785 2990 annos
798 2943 827 2989 et
841 2930 969 2990 totidem
983 2931 1202 3006 quadragenas,
1214 2931 1274 2990 illis
1286 2949 1358 2990 vero
1371 2931 1424 3006 qui
1436 2931 1453 2987 it

558 3046 619 3094 tate
633 3031 757 3092 Domini
772 3031 868 3090 nostri
881 3031 952 3090 iesu
968 3029 1080 3088 Christi
1093 3043 1124 3090 et
1134 3031 1327 3103 parasceves,
1343 3049 1377 3090 ac
1392 3033 1453 3088 Era

558 3142 670 3190 sanctae
685 3128 792 3188 Crucis
806 3141 836 3186 et
846 3126 1020 3186 Natiuitatis
1033 3127 1152 3186 sanctii
1156 3126 1264 3186 oannis
1278 3127 1453 3202 Baptistae,a

558 3245 625 3286 rum
641 3227 723 3284 Petri
742 3239 772 3286 et
792 3225 878 3284 Pauli
892 3225 1111 3300 Apostolorum
1129 3237 1159 3284 et
1176 3225 1273 3284 sancti
1291 3225 1437 3284 Johannis

557 3326 645 3398 listre,
661 3343 696 3384 ac
711 3337 884 3384 sanctorum
898 3325 995 3382 Anne
1008 3337 1037 3381 et
1060 3323 1195 3381 Mauritii
1209 3323 1433 3398 praedictorum,
1449 3343 1453 3382 1

558 3424 742 3484 ostensionis
762 3422 971 3497 Reliquiarum
984 3421 1159 3496 hujusmodi
1183 3433 1213 3480 et
1231 3421 1430 3480 dedicationis
1452 3453 1453 3468 κ

558 3541 612 3582 seu
624 3521 759 3597 capelle,
775 3521 807 3580 in
822 3539 881 3596 qua
892 3520 1047 3595 Reliquias
1060 3519 1141 3594 ipsas
1154 3519 1325 3578 conservari
1335 3519 1453 3594 coming

557 3619 712 3692 vitatibus,
726 3619 886 3678 ecclesiam
901 3635 953 3678 seu
973 3618 1120 3693 capeliam
1135 3617 1310 3692 hujusmodi
1327 3617 1431 3676 devote
1446 3637 1453 3676 t

558 3719 627 3792 rint,
648 3719 774 3795 singulis
793 3720 912 3792 diebus,
927 3719 1068 3778 videlicet
1081 3717 1278 3778 festivitatum
1292 3717 1453 3792 predictam

557 3834 654 3876 annos
676 3829 707 3876 et
725 3817 852 3877 totidem
874 3817 1082 3892 quadragenas
1103 3815 1141 3874 de
1165 3815 1308 3890 injunctis
1327 3815 1369 3874 eis
1388 3831 1453 3890 poeu

559 3913 794 3974 misericorditer
808 3916 987 3974 relaxemus.

592 4012 755 4086 Ceterum,
774 4025 808 4072 ut
830 4013 944 4072 Christi
968 4011 1104 4072 fidelium
1124 4010 1164 4070 ad
1183 4009 1341 4086 premissa
1358 4009 1453 4067 conflu

557 4109 676 4168 facilius
690 4111 788 4169 valent
807 4111 976 4170 animarum
989 4109 1142 4186 provideri
1161 4109 1262 4181 saluti,
1278 4107 1393 4168 dilectis
1408 4107 1453 4164 fill

557 4207 646 4266 dictae
663 4207 803 4279 civitatis,
818 4209 1011 4283 presbyteros
1033 4208 1161 4266 idoneos
1176 4207 1327 4266 seculares
1341 4205 1399 4264 sive
1413 4206 1452 4260 rel

558 4323 594 4364 ex
610 4305 718 4380 seipsis
731 4305 779 4364 vel
794 4304 872 4377 eliis,
887 4308 944 4364 sub
958 4317 1149 4380 competente
1171 4322 1310 4376 numero,
1329 4305 1405 4378 juxte
1427 4321 1452 4360 c<

557 4400 633 4460 tium
659 4401 884 4462 multitudinem
906 4403 1104 4476 moderando,
1134 4402 1222 4462 annis
1247 4401 1370 4477 singulis
1395 4400 1452 4474 clip
