3130 5514
586 611 653 681 104
766 611 876 664 uorsa
898 611 943 664 ar
964 595 1094 666 mn
1116 599 1428 678 ncndosooronrra

579 867 648 910 roas
665 847 821 926 preconia,
837 859 994 910 auctorem
1007 849 1085 912 tanti
1107 851 1243 914 muneris
1259 851 1429 930 magnifice

581 947 664 1022 Quid
684 947 794 1024 plura?
810 949 890 1022 Quia
904 967 977 1010 vero
993 951 1071 1012 mira
1084 963 1130 1012 est
1143 952 1269 1012 buroani
1287 952 1399 1012 cordis
1418 969 1429 1010 s

579 1045 657 1106 illud
670 1047 755 1123 quod
768 1047 894 1124 appetit,
907 1059 938 1108 et
951 1049 1036 1124 quod
1048 1049 1143 1126 tnagis
1157 1050 1258 1126 placet
1271 1049 1430 1110 sementis

580 1147 724 1222 quentius
735 1145 903 1222 anteponit,
917 1147 978 1222 jans
996 1147 1131 1224 prelatus
1151 1166 1204 1208 res
1220 1149 1259 1208 de
1273 1149 1407 1208 Corona
1421 1147 1430 1206 l

579 1257 735 1306 cessanter
751 1257 885 1318 estuans,
898 1243 937 1304 de
956 1243 1112 1304 mittendis
1125 1263 1182 1322 pro
1199 1262 1236 1305 ea
1255 1245 1431 1306 celeritern

579 1339 662 1400 licite
685 1353 815 1400 tractare
838 1339 955 1418 incipit,
979 1353 1011 1402 et
1032 1343 1188 1402 dilationis
1206 1343 1392 1418 impaciens,
1417 1343 1431 1402 d

579 1436 698 1498 ordinis
711 1437 951 1510 Predicatorum,
973 1438 1132 1514 discretos,
1145 1440 1291 1516 providos
1305 1453 1337 1502 et
1350 1441 1431 1500 hone

578 1533 697 1612 prelato
707 1535 836 1612 negocio
850 1535 1036 1598 sufficienter
1053 1537 1229 1612 instructos,
1243 1551 1274 1599 et
1287 1537 1391 1616 ipsius
1407 1555 1432 1598 rs

579 1651 658 1708 rum,
670 1646 706 1694 ut
718 1635 889 1710 oportebat,
905 1635 1076 1710 patrocinio
1096 1635 1313 1712 communitos,
1333 1637 1376 1696 ad
1401 1637 1432 1696 C=

578 1731 730 1810 politanas
744 1743 856 1808 partes,
871 1733 1029 1796 associatis
1048 1735 1106 1794 sibi
1119 1735 1304 1812 quibusdam
1323 1735 1408 1808 aliis,
1423 1755 1433 1794 r

577 1829 745 1908 postponit.
761 1829 822 1902 Qui
836 1831 1060 1892 concomitante
1075 1833 1209 1892 Domino
1237 1832 1296 1894 iter
1321 1851 1418 1894 suurn

578 1928 794 2006 tantinopolirrs
821 1929 1042 2006 pervenissent,
1070 1931 1246 1992 convocatis
1269 1931 1324 2008 qui
1353 1933 1433 1992 fuera

578 2027 680 2100 candi,
695 2026 858 2102 negocium
871 2045 928 2104 pro
950 2045 1013 2103 quo
1035 2027 1152 2088 iverant
1169 2041 1402 2106 proposuerunt
1420 2029 1434 2086 i

576 2127 701 2204 plenam
714 2127 752 2186 de
767 2126 911 2186 omnibus
924 2125 1017 2186 iidem
1030 2125 1213 2186 iacientibus
1225 2126 1434 2204 predictarum

576 2223 662 2286 tibus
684 2223 863 2284 litterarum.
890 2223 991 2284 Lectis
1014 2223 1106 2300 igitur
1128 2241 1235 2284 eorum
1258 2225 1372 2286 litteris
1395 2235 1427 2284 et

577 2321 652 2402 juris
667 2321 808 2382 ordinent
817 2321 1004 2398 approbatis,
1012 2321 1264 2398 gloriosissimam
1276 2321 1403 2380 Domini
1419 2321 1435 2380 (

577 2419 782 2482 creditoribus
800 2419 853 2496 qui
873 2436 940 2480 eant
958 2419 1095 2496 pignoris
1114 2419 1238 2480 nomine
1252 2417 1435 2490 detinebant

576 2518 795 2580 instantissime
810 2518 974 2594 petierunt.
996 2519 1097 2590 Quam
1118 2531 1148 2578 et
1166 2518 1235 2593 sibi,
1254 2518 1328 2578 licet
1348 2517 1436 2578 nimir

575 2617 743 2694 propositis
763 2617 849 2694 print
863 2617 935 2676 hinc
953 2616 1024 2676 inde
1039 2616 1286 2692 allegationibus,
1299 2617 1425 2676 tandem

576 2713 717 2796 pecunia,
729 2711 958 2790 postulantibus
976 2711 1177 2772 tradiderunt.
1190 2712 1302 2788 Sicque
1320 2729 1437 2772 consurr

576 2813 652 2874 citer
670 2811 810 2890 negocio,
833 2809 940 2870 fideles
962 2809 1067 2868 nuncii
1084 2827 1154 2870 cum
1176 2809 1289 2886 gaudio
1308 2809 1340 2869 in
1362 2811 1437 2868 Fran

577 2913 700 2985 reversi,
716 2911 886 2972 deserentes
901 2927 1005 2970 securn
1021 2909 1276 2986 gloriosissimum
1289 2909 1437 2986 dyadema

576 3011 645 3071 lites
658 3011 698 3070 de
712 3007 808 3086 spinis
825 3007 993 3083 plectentes
1013 3007 1205 3066 sanctissimo
1228 3007 1387 3068 salvatoris
1401 3007 1437 3065 iro

575 3107 679 3186 capiti.
696 3109 893 3168 Presentatur
912 3107 974 3183 regi
989 3107 1073 3182 quod
1090 3117 1208 3166 tanturn
1229 3105 1434 3182 concupierat,

576 3207 717 3266 ardenter
728 3217 855 3280 amarat,
874 3205 959 3282 quod
975 3221 1045 3262 curn
1059 3215 1144 3262 tanto
1157 3201 1310 3262 desiderio
1323 3215 1437 3278 expects

575 3303 627 3364 det
641 3303 692 3364 ille
705 3302 847 3379 princeps
865 3301 1056 3372 mitissimus,
1072 3313 1103 3360 et
1119 3299 1259 3376 exemplo
1278 3317 1334 3359 suo
1352 3299 1437 3360 iuvita

574 3402 780 3480 gnudendum,
794 3413 885 3478 atque
907 3400 940 3460 in
963 3417 1126 3460 occursum
1148 3396 1372 3474 preciosissime
1395 3417 1437 3458 me

574 3511 686 3562 terram
700 3499 862 3576 procidens
876 3511 907 3560 et
917 3497 1061 3571 adurens,
1071 3512 1133 3555 non
1142 3493 1297 3554 modicum
1310 3493 1437 3570 prebetb

574 3597 758 3674 exemplum.

611 3695 692 3768 Quia
720 3713 793 3756 vero
815 3711 908 3754 omne
931 3695 1045 3753 bonurn
1068 3691 1100 3750 io
1123 3707 1285 3752 commune
1309 3691 1437 3752 deductu

575 3791 728 3866 elucessit,
743 3792 850 3854 volens
868 3793 951 3853 idern
973 3807 1027 3850 rex
1043 3801 1073 3849 et
1087 3788 1282 3849 devotionem
1299 3789 1398 3866 populi
1412 3807 1437 3848 ar

576 3889 633 3950 Dei
652 3890 797 3966 preconia
816 3887 1060 3967 magnificentius
1080 3887 1227 3962 attollere,
1243 3887 1323 3948 diem
1340 3889 1437 3965 assign

575 3990 657 4052 dicta
675 4007 790 4050 corona
806 3989 942 4050 Parisios
961 3989 1146 4064 deportetur,
1161 4000 1252 4064 atque
1272 3987 1305 4046 in
1322 3987 1386 4046 loco
1405 4004 1437 4046 en

575 4087 696 4147 excelso
709 4087 826 4146 cunctis
836 4087 889 4162 qui
904 4087 1032 4146 aderunt
1043 4085 1230 4144 ostendatur.
1245 4084 1437 4144 Convenienti}

575 4183 615 4243 ad
627 4181 775 4260 prefatam
786 4179 869 4240 diem
880 4181 919 4241 de
932 4181 1074 4242 omnibus
1089 4180 1174 4256 regni
1188 4179 1325 4258 partibus
1333 4180 1437 4240 inaurat

613 4403 636 4440 r.
651 4387 711 4440 Fol.
728 4399 777 4456 ¹7²
792 4395 830 4450 st,
842 4386 896 4438 col.
910 4399 935 4438 a.
