3130 5514
435 645 480 694 LA
503 643 627 695 sarm
645 643 758 696 tanea
1051 649 1111 699 111

79 893 136 934 rem
147 878 223 937 tanti
241 880 391 940 muneris
411 880 572 957 magnifice
584 882 799 941 commendare
822 895 979 959 ceperunt,
998 895 1028 943 et
1047 901 1116 943 mu-

78 987 153 1035 tuata
165 977 174 1005 ¹
187 995 225 1036 ea
248 979 338 1056 regis
362 979 488 1038 nomine
500 979 642 1055 pecunia,
671 997 792 1038 sacrum
809 979 920 1057 pignus
938 999 956 1040 a
977 980 1115 1058 pignoris

79 1073 255 1150 obligatione
270 1077 414 1138 liberare
422 1079 605 1156 quantocius
614 1090 806 1139 curaverunt.
819 1079 889 1151 Qun
897 1091 1035 1156 peracto,
1045 1097 1116 1138 cum

78 1169 162 1244 ipsius
182 1173 389 1250 imperatoris
411 1193 447 1235 ac
471 1177 622 1235 baronum
646 1194 773 1236 suorum
797 1194 918 1237 necnon
937 1190 968 1238 et
991 1177 1116 1254 religio·

78 1283 170 1326 sorum
183 1284 281 1346 atque
296 1274 545 1334 auctenticarum
558 1291 760 1352 personarum
769 1275 1024 1335 testimonialibus
1034 1275 1116 1336 litte·

77 1362 288 1444 risacsigitlis‚
305 1369 437 1446 insuper
451 1383 482 1430 et
496 1389 566 1430 cum
582 1371 707 1448 prelatis
726 1371 863 1448 reliquiis
877 1371 994 1448 regales
1011 1374 1116 1434 nuncii

76 1463 110 1520 ab
119 1466 193 1525 urbe
205 1468 490 1547 Constantinopoli
503 1469 691 1543 recedentes,
702 1468 742 1528 ad
754 1485 856 1546 regem
866 1470 918 1546 qui
929 1486 983 1530 eos
992 1470 1117 1532 miserat

76 1576 270 1637 prosperante
290 1567 375 1643 Deo,
396 1565 454 1627 iter
471 1585 561 1626 suum
579 1585 650 1626 cum
673 1566 786 1643 gaudio
804 1579 876 1628 sunt
898 1569 1022 1645 reversi,
1037 1568 1116 1630 reie-

76 1668 167 1716 tcntes
179 1660 208 1718 ei
223 1661 355 1723 itineris
370 1664 511 1724 ordinem
531 1677 562 1727 et
580 1665 682 1742 gracie
701 1665 930 1726 exuberantiam
944 1683 1036 1742 quam
1050 1665 1117 1725 iue-

76 1767 137 1814 rant
150 1774 168 1815 a
181 1759 329 1822 Domino
348 1764 519 1840 consequti.
537 1765 587 1824 ad
600 1782 732 1841 quorum
750 1763 928 1824 relationem
941 1763 1007 1841 ipse
1019 1763 1117 1841 pluri·

77 1869 152 1912 mum
162 1859 314 1921 exultans
333 1862 367 1920 in
390 1863 523 1924 Domino
536 1864 668 1924 creatori
682 1881 738 1923 suo
752 1863 860 1923 laudes
873 1862 1051 1940 ingeminat,
1065 1860 1116 1922 cui

79 1953 158 2024 quasi
171 1955 384 2036 intersignum
403 1959 516 2021 amoris
528 1960 666 2038 precipui
681 1979 766 2020 arma
779 1959 892 2037 quibus
906 1977 960 2018 rex
980 1959 1116 2020 celorum

78 2047 190 2112 hostem
208 2059 386 2134 superbum
403 2059 565 2134 deiecerat,
577 2077 633 2136 per
646 2077 720 2118 suos
738 2058 868 2118 famulos
881 2057 1114 2118 transmittebat.

80 2147 137 2208 Nec
156 2173 257 2230 mora,
274 2157 470 2235 congregetis
484 2157 524 2216 ad
538 2159 648 2217 urbem
666 2155 871 2216 Parisionrem
884 2155 1034 2216 universis
1052 2155 1116 2216 t'ere

80 2251 156 2324 regui
169 2257 354 2328 presulibus
369 2269 399 2315 et
410 2255 547 2331 prelatis,
562 2255 628 2331 ipsa
642 2254 748 2314 civitas
764 2254 851 2331 quasi
866 2254 961 2314 altera
973 2254 1115 2314 iherusa-

80 2344 132 2404 lem
148 2351 245 2410 tantis
265 2353 498 2430 oppigneranda
512 2352 703 2429 magnalibus
725 2371 795 2411 cum
815 2351 898 2410 omni
917 2362 1064 2428 apparatu
1084 2363 1116 2410 et

80 2441 212 2506 decentia
226 2451 411 2523 adornatur,
426 2449 617 2526 receptisque
632 2449 775 2510 omnibus
788 2461 852 2509 tam
866 2449 1017 2526 imperiali
1032 2449 1116 2508 bulla

82 2559 166 2614 quam
179 2546 294 2624 sigillis
313 2547 382 2606 aliis
396 2565 456 2624 que
473 2547 662 2624 prediximus
678 2547 876 2626 consignatis,
893 2549 1033 2624 factaque
1043 2565 1114 2624 pre·

82 2639 228 2706 dicatione
247 2661 281 2708 et
301 2648 436 2724 generali
455 2649 494 2706 ab
513 2647 656 2706 omnibus
674 2647 799 2724 prelatis
820 2647 891 2706 data
913 2645 1113 2722 indulgentia,

82 2742 207 2812 quedam
220 2763 343 2819 eorum,
356 2759 448 2822 prout
469 2745 599 2806 intanta
621 2746 727 2822 populi
749 2745 933 2805 adunatione
953 2743 1115 2803 commode

82 2833 142 2898 fieri
152 2843 267 2919 potuit,
283 2845 498 2918 ostenduntur,
514 2857 543 2904 et
555 2843 699 2920 deinceps
714 2843 826 2904 adicto
845 2860 916 2919 rege
928 2855 957 2902 et
968 2841 1114 2901 fratribus

84 2934 141 2993 ⁵11ss
157 2956 229 3000 cum
247 2943 358 3002 eadem
375 2941 547 3002 bumilitate
566 2955 597 3002 et
614 2941 784 3002 reverentia
803 2959 864 3018 qua
881 2958 973 3016 supra
991 2941 1030 2998 de
1046 2939 1114 2998 aliis

85 3031 264 3114 dictumest,
279 3039 313 3098 in
331 3042 407 3098 urbe
420 3039 442 3114 ²,
459 3039 578 3098 cunctis
593 3040 692 3098 Deum
709 3039 915 3112 laudantibus,
930 3037 1113 3112 inferuntur,

86 3131 133 3189 ubi
146 3135 184 3193 ad
196 3137 324 3196 Domini
338 3136 467 3213 gloriam
481 3149 512 3196 et
530 3136 614 3213 tegni
628 3135 850 3212 protectionem
863 3153 934 3194 cum
947 3135 1068 3194 Corona
1084 3147 1115 3196 et

86 3225 176 3290 Cruce
188 3235 323 3311 aliisque
335 3234 475 3311 superius
486 3233 650 3293 nominatis
672 3251 742 3292 cum
756 3232 859 3292 debita
881 3232 1114 3294 honorificentia

88 3341 284 3394 reservantur.
304 3335 385 3406 Quia
402 3349 475 3392 vero
489 3331 599 3392 melius
621 3331 767 3392 memorio
786 3332 1017 3392 commendatur
1030 3329 1114 3407 quod

87 3421 269 3502 frequentius
289 3430 426 3504 iteratur,
447 3431 486 3491 de
508 3429 639 3489 consilio
662 3441 692 3488 et
712 3446 839 3489 assensu
861 3428 1027 3506 dyocesani
1049 3428 1114 3504 epi-

88 3527 174 3601 aeopi,
186 3531 293 3590 dictus
304 3547 357 3588 rea
369 3529 474 3589 statuit
487 3541 517 3588 et
535 3527 671 3588 decrevit
683 3539 718 3586 ut
736 3527 824 3587 annis
839 3525 897 3586 sibi
922 3526 1114 3586 succedenti-

87 3617 278 3687 hunricus
300 3627 420 3704 augusti
441 3644 460 3685 a
474 3625 638 3685 Parisiensi
652 3625 768 3702 populo
787 3625 996 3702 sollempniter
1008 3625 1113 3683 obser·

90 3731 174 3797 vrtut,
188 3738 222 3785 et
231 3724 437 3802 pretermissis
462 3741 535 3784 secu
547 3723 559 3758 ⁸
572 3723 683 3783 larium
704 3723 941 3800 occupationum
964 3723 1057 3798 curis,
1072 3723 1113 3782 ob

90 3811 137 3876 Dei
157 3823 310 3882 beneficia
333 3824 432 3884 eidem
456 3821 573 3900 populo
589 3835 653 3881 tam
671 3821 881 3899 multipliciter
900 3821 1034 3882 exhibita
1047 3821 1114 3898 ipsa

91 3911 146 3975 dies
155 3919 242 3980 ‘tota
255 3921 289 3980 in
302 3920 414 3980 divinis
427 3920 571 3980 laudibus
592 3931 622 3979 et
635 3919 801 3996 gratiarum
815 3919 987 3980 actionibus
1001 3937 1113 3996 expen-

91 4009 175 4091 detur,
197 4033 233 4079 ut
255 4021 294 4079 ad
316 4020 408 4081 vitam
429 4018 588 4096 pervenire
609 4029 762 4078 mereatur
786 4030 932 4092 eternam,
957 4029 1113 4095 prestante

119 4259 138 4297 ι.
151 4247 211 4302 i'ol.
230 4265 282 4318 ¹74
289 4259 327 4314 tr,
338 4251 391 4304 col.
405 4265 430 4303 a.
667 4265 694 4317 4.
720 4249 774 4304 Lea
798 4259 872 4304 mota
894 4251 985 4320 elpaa
1011 4249 1070 4302 dies
1099 4269 1112 4297 ι

116 4337 509 4408 t.lnurbem[Cbarlerllle].
637 4337 1110 4410 ajouteaau-deaauaparuncmain

116 4419 209 4482 brot.
225 4437 324 4496 174v·‚
336 4430 389 4482 col.
405 4429 432 4482 b.
638 4429 702 4496 plur
718 4429 860 4484 moderne.
