3130 5514
435 628 481 676 na
504 625 627 678 suurn
650 626 763 676 cason
1055 607 1118 679 103

79 862 163 922 animi
179 862 353 924 nobilitate
375 881 469 940 quam
487 863 588 922 carnis
601 864 804 940 generositate
822 864 1017 942 conspicuus,
1029 881 1121 942 super

79 963 327 1037 predecessorum
344 980 477 1021 suorum
487 961 744 1039 magnificentiam
755 962 882 1022 dilatato
893 963 977 1039 regni
991 963 1120 1040 imperio

81 1073 106 1119 et
120 1059 325 1134 multiplicata
346 1077 453 1118 rerum
472 1059 630 1136 opulentia
648 1071 729 1120 esset
743 1079 760 1118 a
774 1061 908 1120 Domino
926 1061 1119 1137 sublimatus,

80 1156 108 1214 in
119 1156 268 1232 preceptis
282 1156 445 1216 Altissimi
461 1157 627 1216 ambulavit
641 1159 661 1232 ¹,
676 1158 709 1217 in
721 1157 892 1218 bumilitate
906 1157 1040 1234 spiritus,
1056 1160 1119 1236 jus·

80 1249 140 1308 ticie
153 1267 275 1328 norma,
287 1255 447 1314 libertatis
461 1255 666 1314 ecclesiastice
679 1269 840 1332 promotor
852 1255 967 1332 pariter
975 1269 1004 1316 et
1014 1269 1119 1332 patro·

81 1365 140 1406 nus.
158 1351 196 1410 Et
220 1351 307 1412 sicut
335 1353 373 1412 in
399 1352 503 1411 divina
525 1352 591 1429 lege
615 1353 782 1429 precipitur
798 1371 806 1410 τ
821 1353 899 1411 Cum
923 1355 1041 1416 dederit
1062 1356 1119 1416 tibi

81 1445 221 1506 Dominus
236 1449 388 1510 civitates
402 1451 514 1510 multas
528 1463 559 1510 et
572 1451 687 1522 firmas,
702 1451 812 1508 domos
822 1451 930 1525 plenas
941 1465 1120 1512 cunctarum

83 1561 176 1620 opum,
191 1559 223 1606 et
237 1548 420 1608 comederis
434 1561 466 1608 et
484 1559 636 1608 saturatus
657 1547 763 1621 fueris,
780 1565 852 1606 cave
871 1565 910 1606 ne
930 1548 1120 1610 obliviscaris

82 1640 240 1702 Dominum
248 1646 358 1704 Deum
368 1646 544 1720 tuum²‚pro
554 1657 661 1721 optato
671 1644 730 1704 sibi
740 1644 944 1704 arridentibus
952 1647 1119 1722 prosperis,

84 1739 266 1818 diligentiam
282 1745 430 1805 adhibuit
442 1762 480 1803 ne
494 1744 631 1820 prodiret
643 1743 801 1819 iniquitas,
810 1755 846 1802 ut
859 1761 931 1820 sepe
946 1743 1070 1818 assolet,
1084 1763 1122 1804 ex

84 1841 292 1915 prosperitatis
310 1844 405 1920 adipe
423 1843 610 1919 temporalis,
624 1842 679 1900 sed
697 1858 767 1900 cum
785 1840 870 1900 omni
887 1842 1121 1902 mansuetudine

87 1935 209 1997 Domino
243 1942 399 2015 serviens,
423 1940 532 2016 pocius
564 1939 655 2015 elegit
679 1961 693 1994 c
716 1939 871 1998 humiliari
898 1957 968 1998 cum
995 1939 1121 2000 mitibus

88 2049 170 2106 quam
188 2037 335 2100 dividere
355 2039 454 2115 spolia
471 2056 542 2097 cum
556 2037 696 2112 superbis
709 2037 730 2111 ⁸,
747 2049 808 2095 »ut
827 2049 913 2096 tanto
936 2036 1121 2096 laudabilior

90 2145 159 2192 esset
184 2133 286 2210 ipsius
321 2137 526 2196 mansuetudo
553 2147 585 2194 et
611 2134 827 2211 acceptabilior
849 2135 930 2210 apud
955 2135 1121 2195 Dominum

89 2227 247 2306 humilitas,
263 2248 385 2312 quanto
400 2235 429 2294 ei
439 2234 465 2294 sl
475 2233 566 2294 vellet
575 2233 711 2310 paratior
721 2235 901 2292 occurrebat
909 2233 1001 2310 impie
1011 2233 1121 2310 agendi

92 2328 213 2400 occasio,
234 2344 267 2391 et
286 2332 446 2409 copiosior
465 2329 662 2406 superbiendi
680 2329 818 2389 facultas.
840 2331 929 2389 Unde
946 2329 1122 2391 factumest

91 2435 122 2482 ut
130 2424 180 2484 ille
193 2430 247 2504 qui
258 2431 299 2490 ab
312 2430 408 2489 inicio
423 2429 508 2488 norit
523 2445 616 2504 opera
630 2429 819 2504 singulorum
831 2441 861 2490 et
872 2445 1121 2505 unumquemque

93 2537 257 2587 remunerat
282 2529 453 2588 secundum
473 2544 600 2586 suorum
623 2525 805 2602 exigentiam
828 2527 1018 2599 meritorum,
1033 2525 1121 2602 quasi

93 2617 228 2698 visseins
242 2626 308 2702 jam
323 2626 497 2703 approbans
511 2623 656 2700 precipue
670 2623 842 2684 dilectionis
856 2625 956 2684 eidem
974 2625 1123 2684 tribueret

95 2713 297 2799 inanimum,
311 2724 396 2802 quod
407 2735 439 2782 et
452 2722 537 2799 regni
551 2721 711 2782 videbatur
726 2723 923 2782 stabilimenti
935 2713 1121 2801 presagium,

98 2821 125 2868 et
138 2815 206 2874 satis
223 2821 388 2894 probabile
407 2821 432 2880 si
446 2834 654 2899 perseveraret
666 2820 698 2879 in
711 2822 793 2880 bono
810 2819 911 2880 future
924 2822 1122 2882 beatitudinis

99 2923 311 2983 “numentum
327 2921 407 2978 Nam
420 2921 525 2980 divino
535 2932 611 2980 nutu
621 2919 846 2978 illustrissimus
860 2919 907 2979 vir
918 2920 1123 2980 Namueencis

100 3021 190 3068 comes
203 3017 352 3077 nomine⁴
367 3018 546 3091 balduinus,
561 3035 599 3076 ex
617 3018 811 3079 successione
825 3033 952 3096 paterna
970 3020 1123 3080 Constan-

100 3101 308 3182 tinopolitanus
321 3115 487 3192 imperator
499 3116 630 3188 futurus,
646 3116 698 3192 qui
712 3129 838 3193 propter
852 3119 1013 3194 speclslem
1028 3120 1124 3178 Cons-

101 3205 336 3286 monopolium
359 3213 480 3290 imperii
501 3213 713 3272 necessitatem
736 3215 775 3273 ad
793 3214 943 3289 prelatum
966 3233 1069 3292 regern
1090 3217 1123 3277 in

103 3297 249 3369 Franciam
263 3323 397 3382 venerat,
415 3312 456 3370 ob
472 3310 617 3388 precipue
631 3311 803 3372 devotionis
822 3312 953 3390 insignia
966 3331 1025 3389 que
1039 3314 1123 3374 ineo

103 3397 208 3464 rident
223 3421 254 3468 er
272 3409 411 3484 imense
434 3408 493 3468 sibi
511 3411 550 3468 ab
571 3410 681 3470 eodem
704 3426 774 3486 rege
796 3409 898 3470 debite
918 3411 1124 3472 venerationis

105 3495 338 3580 ⁰bthuia‚dedir
348 3521 379 3567 et
389 3507 541 3566 concessit
551 3508 671 3567 Corone
681 3508 806 3567 Domini
816 3522 846 3569 et
856 3509 1124 3570 Salvatorisnostri

105 3599 306 3671 proprietatem
319 3622 411 3680 quam
426 3605 568 3680 habebat,
583 3604 622 3665 de
641 3605 728 3682 cujus
740 3607 895 3682 presentia
905 3607 1123 3668 Constantino-

106 3691 173 3762 Wlis
185 3699 290 3762 civitas
302 3715 377 3762 tunc
398 3702 544 3779 pollebat.

137 3791 247 3859 bdtam
261 3799 474 3860 inestimabilis
497 3801 541 3860 rei
563 3801 759 3861 collationem
780 3801 838 3860 sibi
857 3801 966 3862 factam
980 3802 1125 3862 nimirum
1223 3862 1228 3872 ,

110 3887 185 3950 solito
202 3896 350 3974 hylarior,
371 3899 459 3958 miles
484 3899 597 3960 Christi
618 3899 840 3977 plenitudinem
863 3899 963 3960 leticie
982 3917 1075 3976 quum
1092 3900 1125 3959 in

112 3989 187 4050 corde
203 3995 310 4057 babuit
323 3997 423 4057 celare
437 4015 500 4058 non
513 3998 623 4075 potuit,
639 3999 694 4058 sed
707 3997 810 4058 debita
823 3999 999 4075 persolvens
1013 3999 1125 4076 gratia·

141 4223 159 4262 ¹·
171 4213 231 4286 Reg.
248 4219 296 4282 111,
315 4235 352 4282 vr,
371 4233 401 4272 12
416 4226 444 4273 et
455 4221 568 4288 passim.
684 4219 709 4273 3.
722 4221 801 4272 Prov.
811 4235 866 4284 rvr,
885 4235 925 4289 ¹9·

138 4311 159 4350 ²·
172 4303 278 4362 Denter.
292 4323 330 4372 vr,
347 4325 389 4372 ro,
410 4323 475 4363 avec
488 4312 569 4378 quel·
680 4325 708 4378 4.
724 4309 783 4362 Fol.
803 4323 850 4378 ¹7²
864 4319 898 4374 τ’,
908 4310 962 4362 col.
974 4309 1001 4362 b.

115 4397 170 4450 qua
180 4403 278 4452 termes
291 4395 422 4466 cbsngds.
