3130 5514
564 565 629 638 118
745 583 854 636 uorss
877 581 921 634 ιτ
943 567 1074 632 mons
1096 563 1416 638 mendomntonss

558 821 762 884 conventione
773 821 854 880 lecta
864 837 935 880 cum
949 817 1084 896 quodam
1100 815 1215 890 Tusco,
1231 813 1284 892 qui
1298 813 1406 892 ipsam
1421 831 1439 876 n

558 921 604 982 dit
621 919 785 992 civitatem,
807 919 905 978 scalas
921 931 991 978 ante
1013 915 1094 974 diem
1112 929 1221 990 parum
1239 929 1328 972 muro
1344 913 1439 989 appii<

558 1017 712 1078 civitatem
732 1030 821 1076 antea
843 1015 967 1075 Christo
985 1011 1186 1086 resistentem,
1210 1029 1243 1070 111
1263 1027 1366 1070 nonas
1385 1011 1439 1070 Jul

558 1133 626 1174 mus
640 1115 668 1188 ’ς
690 1127 720 1174 et
739 1113 919 1173 Cassianum
942 1110 1037 1187 ipsius
1057 1109 1186 1170 civitatis
1210 1121 1391 1185 tyrannum,
1410 1127 1439 1168 ct

557 1231 685 1274 suorum
699 1211 848 1270 militibus
869 1207 1086 1279 interfecimus,
1103 1223 1270 1282 eorumque
1289 1225 1408 1264 uxores
1427 1225 1440 1264 a

557 1309 698 1382 familias,
723 1327 793 1369 eum
819 1325 895 1367 auro
914 1319 945 1367 et
963 1317 1099 1384 argento,
1124 1318 1153 1364 et
1174 1305 1318 1364 omnibus
1343 1323 1440 1364 eorur

557 1407 708 1480 sionibus,
731 1407 922 1466 retinuimus.
942 1405 1062 1464 Asilum
1083 1415 1186 1462 autem
1203 1403 1440 1462 Antiochenum

556 1505 772 1584 premunitum
790 1505 902 1565 habere
923 1523 986 1564 non
1007 1503 1173 1581 potuimus.
1192 1504 1253 1563 Sed
1268 1521 1366 1580 quum
1386 1504 1440 1562 int

557 1603 667 1662 asilum
681 1603 783 1680 ipsum
801 1603 923 1680 aggredi
935 1603 1150 1676 voluissemus,
1164 1601 1316 1660 infinitam
1330 1603 1438 1660 Turco

556 1701 729 1774 titudinem,
754 1717 846 1776 quarn
872 1699 976 1760 multis
1002 1699 1112 1758 diebus
1132 1699 1171 1757 ed
1195 1698 1418 1758 debellandum

555 1813 715 1860 venturam
728 1813 812 1858 extra
826 1799 978 1858 civitatem
993 1811 1268 1876 expectavernmus,
1283 1813 1340 1872 per
1355 1815 1441 1872 camp

556 1895 777 1956 discurrentem
797 1894 939 1953 vidimus.
954 1895 1014 1966 Qui
1034 1893 1123 1954 tertis
1137 1894 1187 1952 die
1201 1913 1259 1952 nos
1270 1895 1441 1953 obsederut

556 1993 672 2054 dictum
695 1993 805 2052 asilum
825 1993 988 2070 plusquam
1007 2007 1130 2054 centum
1148 2011 1255 2054 eorum
1277 1993 1376 2052 millia
1397 1993 1441 2054 int

556 2111 592 2152 ac
606 2110 661 2170 per
672 2105 792 2170 portam
807 2093 944 2166 ejusdem
966 2091 1034 2150 ssili
1056 2093 1095 2151 ad
1109 2091 1261 2152 civitatem
1276 2093 1334 2152 sub
1349 2091 1429 2150 asilo

555 2203 629 2264 tam,
654 2189 744 2248 nobis
764 2191 886 2268 illisque
910 2207 1115 2264 communem,
1139 2189 1308 2266 irrumpere
1329 2191 1441 2248 voluer

555 2301 658 2348 sutem
685 2289 717 2350 in
744 2290 806 2350 alio
834 2303 937 2350 monte
963 2291 1127 2352 existentes
1154 2291 1213 2367 ipsi
1236 2289 1313 2349 asilo
1337 2307 1442 2364 oppos:

555 2387 634 2446 inter
643 2399 807 2466 utrumque
821 2389 987 2448 exercitum
1001 2389 1040 2448 ad
1054 2388 1209 2448 civitatem
1223 2388 1442 2446 descendentes

555 2484 645 2544 nobis
665 2486 762 2544 multo
786 2486 890 2564 plures
913 2487 1127 2564 irrumperent,
1154 2485 1374 2558 custodientes,
1404 2499 1433 2544 et

554 2593 641 2642 extra
654 2595 745 2642 nocte
761 2595 790 2642 et
809 2583 859 2643 die
869 2583 1028 2660 bellantes,
1043 2596 1147 2660 portas
1161 2581 1229 2642 asili
1243 2583 1282 2642 ad
1297 2581 1442 2642 civitaten

554 2681 661 2740 dentes
676 2681 789 2742 intrare
809 2695 839 2742 et
853 2683 892 2742 sd
906 2697 1005 2744 csstra
1023 2682 1226 2760 compulimus
1240 2699 1386 2741 remeare.
1404 2683 1442 2754 Qt

553 2777 712 2853 vidissent,
725 2781 809 2856 quod
821 2797 859 2840 ex
877 2781 929 2840 ills
943 2793 1039 2856 parte,
1054 2780 1130 2840 nihil
1150 2797 1260 2840 nocere
1277 2781 1443 2856 potuissent

553 2875 695 2934 exomni
716 2889 801 2952 parte
828 2877 1023 2953 circuierunt,
1045 2879 1129 2954 quod
1156 2877 1232 2936 nulli
1254 2895 1291 2936 ex
1319 2878 1432 2936 nostris

554 2973 594 3030 sd
616 2989 673 3032 nos
695 2973 799 3033 venire
822 2987 997 3050 potuerunt.
1020 2975 1089 3045 Qua
1109 2976 1147 3033 de
1169 2974 1267 3033 reita
1289 2974 1443 3034 desolati«

554 3089 660 3131 omnes
673 3072 799 3148 fuimus,
815 3077 898 3152 quod
912 3074 991 3134 same
1006 3087 1036 3134 et
1050 3073 1154 3134 multis
1169 3073 1237 3132 aliis
1252 3073 1399 3150 angustiis
1411 3093 1443 3132 tn

553 3187 650 3246 equos
670 3185 700 3232 et
718 3173 822 3232 asinos
843 3185 966 3234 nostros
987 3172 1144 3232 famelicos
1167 3171 1393 3245 interficientes,
1414 3191 1443 3230 m

553 3283 633 3330 trum
652 3271 860 3330 comederunt.
883 3271 945 3330 Sed
967 3270 1098 3344 interim,
1123 3269 1356 3332 clementissima
1375 3269 1429 3328 Dei

552 3368 645 3428 tentis
660 3368 868 3428 misericordia
888 3368 979 3428 nobis
997 3368 1194 3428 subveniente
1210 3381 1241 3428 et
1258 3387 1314 3444 pro
1331 3369 1418 3428 nobis
1432 3387 1443 3428 v

554 3469 706 3528 Lsnceem
731 3467 927 3542 dominicam,
952 3485 1012 3544 qua
1037 3467 1205 3526 Salvatoris
1231 3469 1326 3526 nostri
1353 3467 1430 3526 latus

553 3565 695 3626 manibus
721 3565 909 3643 perforatum
934 3565 1001 3640 fuit,
1029 3578 1136 3624 sancto
1161 3565 1283 3624 Andrea
1305 3565 1440 3640 apostolo

552 3665 667 3724 ismulo
689 3665 746 3724 Dei
767 3676 814 3724 ter
839 3664 1001 3736 revelante,
1027 3663 1129 3722 locum
1152 3662 1244 3723 etiam
1266 3662 1318 3721 ubi
1334 3663 1443 3722 Lancea

552 3762 791 3836 demonstrante,
811 3762 843 3822 in
866 3761 994 3822 ecclesia
1009 3761 1089 3821 beati
1112 3760 1193 3820 Petri
1213 3760 1417 3837 apostolorum
1436 3779 1443 3836 1

552 3859 734 3920 invenimus.
758 3861 853 3937 Cujus
871 3859 1057 3934 inventione,
1072 3860 1202 3936 aliisque
1217 3860 1320 3920 multis
1342 3860 1443 3920 divinis

552 3956 691 4019 tionibus
716 3959 759 4018 ita
779 3957 941 4018 confortati
968 3969 998 4018 et
1018 3958 1209 4018 corroborati
1230 3958 1350 4032 luimus,
1374 3971 1405 4018 ut
1422 3977 1443 4034 q⁴

553 4055 657 4118 afflicti
675 4069 706 4116 et
724 4055 823 4116 timidi
841 4055 1007 4130 fueramus,
1031 4069 1106 4116 tunc
1120 4058 1159 4117 sd
1176 4057 1373 4134 preliandum
1389 4058 1443 4117 aud

553 4151 833 4233 promptissimique
848 4153 900 4212 alii
919 4153 997 4214 alios
1011 4155 1219 4216 hortabamur.
1239 4155 1349 4216 Tribus
1362 4155 1443 4232 igitur

588 4357 611 4394 ι.
624 4341 692 4394 voir
700 4339 764 4408 plus
776 4339 854 4408 baut,
862 4355 888 4408 p.
904 4355 921 4412 9
936 4351 1010 4396 note.
