3130 5514
430 629 476 678 aa
499 627 623 678 satura
645 627 758 677 nauca
1055 629 1117 700 ¹19

57 864 143 922 nadis
154 877 186 924 et
201 877 359 940 quatuor
375 863 486 922 diebus
503 864 633 937 obsessi,
645 865 677 924 in
691 863 796 941 vigilia
808 865 1018 940 apostolorum
1034 867 1116 926 Petri

58 975 82 1020 et
96 965 192 1039 Pauli,
206 965 243 1024 in
253 966 333 1024 Deo
351 965 556 1036 confidentes,
569 966 608 1023 de
621 963 764 1022 omnibus
774 963 988 1038 iniquitatibus
1003 965 1116 1025 nostris

56 1065 189 1134 confessi,
210 1077 336 1140 portas
360 1063 493 1124 civitatis
515 1081 585 1122 cum
607 1063 691 1121 omni
710 1075 816 1122 nostro
840 1063 950 1122 bellico
969 1077 1115 1140 apparatu

58 1163 195 1222 exivimus
210 1177 244 1223 er
259 1179 337 1222 tam
359 1163 453 1239 pauci
473 1179 603 1234 eramus,
620 1163 704 1237 quod
719 1161 777 1238 ipsi
792 1179 850 1219 nos
865 1180 928 1220 non
942 1175 1048 1220 contra
1061 1179 1114 1220 eos

57 1277 182 1336 pugnare
197 1262 258 1320 sed
280 1261 401 1338 fugere
416 1259 617 1318 affirmabant.
636 1259 734 1318 Nobis
753 1271 854 1317 autem
868 1259 1011 1317 omnibus
1024 1277 1114 1336 para·

58 1357 100 1428 tis,
114 1371 142 1416 et
155 1371 221 1417 tam
234 1358 395 1434 peditum
409 1375 500 1432 quam
515 1355 646 1414 militum
665 1355 755 1414 certis
770 1356 930 1414 ordinibus
944 1357 1114 1432 dispositis,

58 1455 103 1512 uhi
116 1457 215 1532 major
230 1475 359 1516 eorum
374 1457 471 1515 virtus
480 1469 510 1515 et
521 1455 668 1513 fortitudo
682 1467 748 1513 erat
761 1454 906 1512 audacter
919 1454 1113 1530 requisimus,

61 1569 121 1610 eum
140 1555 271 1614 Lancea
290 1555 467 1627 dominica,
485 1567 515 1613 et
537 1571 554 1612 a
573 1553 671 1628 prima
693 1553 765 1611 belli
789 1553 920 1612 statione
934 1553 1037 1630 lugere
1060 1570 1113 1612 eos

60 1651 217 1726 coegimus.
228 1653 301 1728 lpsi
313 1665 432 1722 autem,
442 1663 476 1712 ut
485 1669 551 1710 mos
565 1669 672 1709 eorum
682 1664 737 1724 est,
751 1650 889 1726 undique
899 1667 931 1709 se
941 1649 1114 1726 dispergere

63 1766 226 1826 ceperunt,
242 1753 440 1829 occupando
460 1751 555 1810 colles
571 1764 600 1809 et
620 1750 696 1822 vias,
711 1749 888 1824 ubicunque
901 1761 1043 1824 poterant
1057 1767 1113 1808 nos

64 1845 148 1919 girare
166 1850 363 1909 voluerunt.
380 1849 431 1908 Sic
446 1849 528 1908 enlm
542 1867 599 1907 nos
614 1866 720 1907 omnes
735 1845 906 1906 interficere
918 1859 1111 1923 putaverunt.

67 1943 118 2001 Sed
139 1947 233 2006 nobis
259 1948 376 2008 multis
391 1947 479 2005 bellis
498 1959 604 2005 contra
625 1963 731 2004 eorum
750 1944 931 2005 calliditates
948 1959 977 2004 et
991 1946 1113 2022 ingenia

66 2041 179 2116 edoctis,
189 2047 299 2120 gratia
316 2046 377 2105 Dei
392 2059 422 2105 ct
436 2045 644 2104 misericordia
657 2044 699 2103 ita
714 2043 864 2116 subvenit,
875 2055 910 2102 ut
924 2045 976 2120 qui
989 2046 1112 2121 paucis-

68 2137 126 2196 simi
139 2143 178 2199 ad
197 2161 319 2203 eorum
336 2144 596 2221 comparationem
610 2161 740 2212 eramus,
758 2159 864 2201 omnes
887 2142 958 2201 illos
972 2143 1004 2201 in
1015 2161 1111 2203 unum

68 2237 225 2314 coepimus,
242 2255 277 2300 et
309 2255 446 2316 coactos,
466 2243 591 2300 dextera
613 2241 669 2300 Dei
691 2240 852 2300 nobiscum
873 2239 1047 2316 dimicante,
1066 2241 1112 2301 iu·

69 2351 130 2408 gere
146 2349 177 2396 et
197 2353 309 2399 castra
331 2359 402 2398 cum
416 2340 559 2398 omnibus
578 2357 646 2414 quae
662 2339 693 2397 in
710 2338 817 2398 castris
835 2353 921 2399 erant
939 2339 1110 2414 relinquere

71 2435 280 2508 compulimus.
310 2438 433 2510 Quibus
452 2437 579 2497 devictis
601 2449 726 2512 totaque
745 2435 795 2494 die
815 2437 936 2513 iugatis,
953 2452 984 2498 et
1006 2439 1110 2498 multis

72 2543 166 2590 eorum
180 2535 330 2595 millibus
344 2536 523 2609 interiectis,
539 2537 577 2594 ad
590 2535 744 2594 civitatem
757 2535 819 2595 laeti
832 2549 862 2596 et
871 2537 983 2596 hilares
998 2555 1109 2597 remea·

72 2627 169 2690 timus.
187 2635 321 2695 Asilurn
346 2647 447 2694 autem
468 2633 689 2709 supradictum,
708 2633 874 2692 admiratus
899 2635 1034 2710 quidam,
1057 2634 1109 2710 qui

73 2723 147 2786 ineo
168 2745 235 2792 erat
252 2753 331 2793 cum
345 2733 428 2792 mille
442 2731 630 2805 hominibus,
647 2732 820 2790 Boemundo
840 2731 990 2805 reddidit;
1012 2745 1043 2792 et
1055 2750 1111 2809 per

74 2821 159 2897 ipsius
192 2849 326 2891 manum
356 2829 538 2890 Christianae
564 2847 596 2887 se
623 2827 695 2887 fidei
719 2827 905 2888 unanimiter
926 2829 1107 2906 subjugavit.

76 2920 172 2998 ltaque
198 2929 358 2990 Dominus
384 2943 489 2990 noster
510 2931 599 2988 lesus
622 2927 762 2986 Christus
790 2939 886 2986 totam
914 2926 1110 2986 Antiochiam

77 3017 211 3084 Romanae
236 3028 385 3106 religioni
411 3047 447 3086 ac
467 3027 539 3086 fidei
565 3025 758 3101 mancipavit.
782 3026 907 3098 Verum,
929 3024 1002 3100 quia
1031 3025 1110 3084 solet

78 3130 185 3194 semper
194 3125 327 3202 aliquod
339 3138 483 3185 moestum
497 3123 680 3184 intervenire
689 3121 767 3182 latis
775 3123 878 3196 rebus,
884 3122 936 3181 ille
947 3122 1109 3182 Podiensis

79 3215 239 3297 episcopus,
264 3243 361 3302 quem
383 3237 470 3282 tuum
489 3221 637 3282 vicarium
651 3221 741 3279 nobis
760 3221 967 3294 commiseras,
984 3233 1108 3297 peracto

80 3310 150 3373 bello
180 3319 303 3398 inquo
330 3323 459 3381 honeste
484 3319 541 3379 luit
566 3332 597 3379 et
620 3319 781 3392 pacificata
808 3319 939 3392 civitate,
969 3319 1107 3380 kalendis

81 3409 365 3492 laqueariorum
390 3432 446 3478 est.
463 3419 553 3477 Nunc
576 3417 679 3493 igitur,
694 3415 749 3474 filii
767 3415 813 3476 tui
836 3429 922 3492 patre
943 3417 1107 3476 commisso

82 3509 179 3588 orbati,
202 3517 260 3577 tibi
289 3517 439 3594 spirituali
453 3515 532 3593 patri
552 3527 657 3574 nostro
676 3515 866 3590 mandamus,
886 3527 931 3586 ut,
958 3513 1011 3590 qui
1029 3515 1107 3576 hano

83 3606 152 3668 tiam
162 3611 315 3691 incepisti,
329 3627 359 3673 et
371 3613 631 3674 sermonibustuis
642 3629 699 3670 nos
711 3629 818 3671 omnes
827 3625 857 3672 et
865 3625 962 3672 terras
975 3625 1105 3687 nostras,

84 3718 109 3764 et
125 3711 267 3788 quicquid
286 3713 423 3773 interris
447 3725 521 3784 erat,
542 3711 713 3788 relinquere
732 3711 830 3770 iecisti
849 3725 879 3771 et
898 3727 1004 3770 cruces
1019 3711 1106 3788 baju-

85 3801 166 3866 lando
190 3813 348 3872 Christum
377 3811 464 3886 sequi
490 3809 673 3886 praecepisti,
703 3821 733 3868 et
760 3808 968 3869 Christianum
994 3828 1107 3869 nomen

87 3905 202 3968 exaltare
220 3909 447 3982 commonuisti,
460 3909 643 3984 complendo
658 3925 727 3984 quae
738 3909 876 3967 hortatus
889 3924 921 3966 es
941 3907 979 3966 ad
994 3927 1061 3982 nos,
1077 3921 1108 3969 et

89 4015 278 4085 quoscumque
292 4007 408 4085 poteris
418 4019 453 4065 ut
465 4019 567 4066 tecum
580 4005 705 4064 veniant
718 4007 912 4065 submoneas.
930 4005 1011 4064 Hinc
1025 4005 1106 4064 enim

88 4095 274 4167 Christianum
289 4122 401 4165 nomen
413 4104 541 4180 sumpsit
551 4103 719 4164 exordium.
736 4105 815 4162 Nam
824 4097 986 4180 postquam
999 4106 1107 4163 beatus

91 4193 183 4261 Penus
192 4203 223 4264 in
232 4205 376 4266 cathedra
388 4221 481 4280 quam
490 4203 628 4279 quotidie
638 4203 790 4262 cernimus
804 4203 1026 4264 inthronizatus
1038 4204 1104 4276 fuit,

89 4289 126 4352 illi
139 4301 185 4374 qui
197 4305 279 4379 prius
288 4303 478 4363 vocabantur
491 4301 610 4362 Galilrei
624 4301 757 4378 primum
772 4301 844 4360 hinc
856 4313 887 4362 et
897 4301 1106 4378 principaliter

93 4397 248 4464 aurosum
257 4401 435 4463 Christiani.
447 4399 530 4473 Quid
540 4401 632 4477 igitur
642 4399 674 4460 in
687 4401 762 4460 orbe
776 4399 887 4460 rectius
898 4417 964 4460 esse
973 4399 1103 4474 videtur,
