3134 5606
389 607 435 656 ιι
457 603 581 658 sum
598 605 781 656 comom
1033 586 1096 659 381

111 843 160 907 En
171 842 261 907 voici
275 843 307 907 ln
321 843 395 907 liste
412 862 421 906 τ

278 1391 894 1470 789101112

262 1873 896 1950 192021222324

261 2115 297 2171 25
382 2113 419 2168 ιδ
500 2131 539 2188 ²7
619 2113 656 2170 28
739 2129 776 2186 ²9
858 2112 895 2170 30

158 2432 187 2475 ι.
209 2415 255 2473 De
268 2414 451 2473 vestimento
464 2425 568 2472 sancte
581 2413 688 2473 Mario.

156 2531 188 2574 2.
206 2513 253 2570 De
264 2512 384 2588 capillis
399 2523 502 2570 sancte
516 2511 625 2569 Mario.

155 2610 189 2674 3.
208 2612 253 2669 De
266 2609 416 2668 arundine
431 2627 491 2684 qun
505 2626 609 2668 cesum
619 2619 665 2668 est
676 2620 768 2685 caput
780 2608 914 2669 Domini.

154 2726 189 2782 4.
209 2708 255 2767 De
265 2707 389 2766 sudario
403 2705 506 2766 Cristi.

157 2806 189 2866 5.
209 2807 255 2864 De
268 2805 372 2864 tunica
384 2803 487 2862 Cristi.

155 2903 190 2962 6.
209 2903 254 2960 De
267 2901 360 2978 peplo
374 2913 477 2960 sancte
489 2899 595 2959 Mario.

156 3019 191 3076 7.
207 3001 253 3057 De
267 2999 418 3058 cinctorio
433 3011 536 3058 sancte
551 2997 660 3057 Mario.

156 3097 191 3156 8.
209 3097 255 3155 De
267 3097 392 3154 camisio
403 3098 498 3154 rubea
509 3114 600 3172 quam
613 3094 761 3154 Dominus
771 3094 878 3156 habuit
890 3095 923 3156 in
934 3113 1035 3156 cruce.

156 3215 190 3274 9.
207 3197 253 3256 De
263 3196 368 3272 caligis
383 3197 517 3254 Domini.

142 3313 188 3354 ιο.
205 3295 252 3353 De
267 3295 379 3370 Spinea
392 3295 513 3354 Corona
528 3293 662 3354 Domini.

140 3411 188 3450 ιι.
204 3393 250 3450 De
261 3393 443 3452 vestimento
458 3393 581 3452 Domini
596 3393 680 3470 quod
698 3393 806 3452 habuit
822 3392 855 3452 in
869 3391 978 3451 Cruce.

140 3507 187 3548 12.
204 3489 250 3547 De
263 3501 342 3548 testa
354 3501 383 3548 et
396 3489 513 3566 capillis
527 3509 551 3548 s.
566 3489 715 3550 Iohannis
730 3489 884 3567 Baptistae.

142 3587 189 3648 13.
201 3587 248 3645 Do
267 3599 372 3645 sancto
388 3587 532 3648 Martino.

142 3703 188 3759 ¹4
205 3686 251 3744 De
266 3685 357 3760 peplo
367 3699 471 3745 sancte
485 3687 592 3748 Mario.

143 3785 188 3842 15.
202 3785 249 3840 De
263 3783 371 3840 lancea
381 3783 516 3841 Domini.

143 3881 188 3939 16.
205 3882 250 3940 De
264 3880 376 3956 pannis
389 3880 525 3938 Domini.

144 3997 188 4054 ¹7·
203 3979 249 4035 De
264 3992 373 4036 sancto
393 3977 545 4053 Philippo.

145 4075 189 4134 18.
205 4076 251 4135 De
262 4087 369 4134 sancto
382 4075 523 4151 Georgio.

143 4191 188 4248 ¹9·
204 4164 370 4231 D!sanoto
384 4173 529 4232 Antonio.

143 4287 192 4328 ιο.
208 4272 254 4328 De
268 4283 375 4329 sancto
391 4271 557 4346 Stephano.
681 4343 686 4354 Ι

143 4385 191 4426 21.
208 4369 253 4426 De
268 4385 359 4427 cruce
370 4368 462 4428 Ladri
474 4367 661 4429 confitentis.
