3130 5514
607 581 673 650 ยน44
789 579 899 632 noras
921 579 965 630 ur
987 565 1116 632 munes
1138 571 1440 651 mensorocronnt

599 817 644 878 eis
662 819 826 896 salubrius,
845 838 883 879 ex
902 819 1014 898 quihus
1037 821 1119 882 salus
1137 835 1241 884 nostra
1266 827 1420 902 processit
1436 849 1440 884 t

599 919 722 981 assidue
738 937 769 978 se
783 936 890 978 curare
904 933 1032 996 possunt
1047 919 1155 980 animm
1168 923 1370 982 devotorum?

635 1020 721 1080 Licet
729 1037 801 1096 ergo
815 1019 935 1078 Lancea
945 1030 975 1076 et
985 1018 1070 1076 Clavi
1083 1019 1232 1094 praedicti,
1241 1020 1362 1098 aliaque
1374 1023 1440 1098 ipsit

598 1117 753 1178 salutifera
767 1117 979 1189 instrumenta,
991 1115 1082 1176 sinta
1101 1117 1214 1176 Christi
1234 1117 1378 1178 fidelihus
1396 1122 1439 1178 uh

597 1217 693 1278 tanda
708 1217 789 1276 etde
805 1215 871 1292 ipsa
889 1215 979 1276 etiam
994 1215 1146 1292 passione,
1161 1216 1193 1274 in
1212 1217 1318 1276 eadem
1339 1219 1440 1278 eccles

597 1314 684 1378 annis
708 1313 835 1390 singulis
851 1311 951 1372 officia
973 1312 1165 1372 celebrentur
1189 1327 1218 1373 et
1238 1313 1324 1388 liant,
1338 1315 1440 1392 dignu:

596 1413 781 1474 conveniens
804 1425 989 1487 reputamus,
1006 1411 1031 1470 si
1046 1411 1084 1471 de
1104 1413 1200 1487 ipsius
1214 1413 1367 1489 passionis
1387 1433 1440 1492 spe

596 1510 771 1572 strumentis
792 1523 822 1569 et
844 1510 1013 1585 praesertim
1032 1509 1064 1568 in
1084 1511 1231 1586 partibus,
1247 1511 1279 1570 in
1300 1511 1415 1588 quihus
1435 1514 1440 1570 i

596 1609 662 1686 ipsa
679 1609 823 1668 dicuntur
836 1607 952 1680 haberi,
967 1607 1093 1666 solenne
1117 1625 1151 1666 ac
1175 1608 1307 1682 speciale
1326 1609 1440 1668 festum

595 1724 630 1766 ac
649 1707 713 1780 liat,
734 1722 851 1780 nosque
872 1704 942 1763 illos
966 1704 1081 1764 Christi
1105 1705 1221 1780 fideles,
1245 1707 1299 1782 qui
1324 1707 1430 1782 aliqua

595 1805 706 1864 mentis
726 1803 801 1880 ipsis
815 1805 928 1864 habere
947 1821 979 1864 se
1000 1805 1143 1881 gandent,
1157 1805 1189 1864 in
1210 1823 1316 1864 eorum
1338 1806 1440 1864 devoti

596 1899 704 1961 officiis
722 1915 812 1978 atque
827 1901 1005 1961 muneribus
1021 1901 1218 1977 spiritualiter
1228 1901 1400 1964 foveamus.

630 1999 710 2058 Sane
720 2017 776 2076 pro
788 2011 873 2074 parte
886 1999 1034 2058 carissimi
1047 1999 1079 2058 in
1090 2001 1213 2059 Christo
1223 1999 1279 2058 lilii
1293 2001 1393 2060 nostri
1405 2001 1440 2058 Cs

595 2115 705 2157 norum
719 2111 749 2156 et
760 2097 915 2156 Bohemite
929 2099 1019 2175 Regis
1030 2098 1168 2172 illustris,
1179 2097 1269 2158 nobis
1280 2115 1378 2174 nuper
1389 2117 1440 2173 exp

594 2195 659 2272 ipse
678 2195 756 2256 inter
774 2211 874 2254 sacras
891 2195 1047 2270 reliquias,
1060 2213 1128 2272 quae
1143 2195 1321 2272 Imperioles
1334 2195 1440 2270 vulgar

592 2306 715 2370 pantur,
739 2311 869 2370 quaeque
900 2307 1046 2370 tanquam
1071 2292 1314 2369 preciosissimus
1344 2294 1440 2368 lmper

592 2391 753 2450 thesaurus
775 2403 999 2450 consueverunt
1018 2408 1072 2468 per
1096 2391 1266 2450 Romanum
1290 2391 1404 2467 Regem
1425 2409 1438 2448 s

591 2489 760 2564 torem,qui
773 2501 819 2548 est
832 2507 889 2565 pro
903 2503 1051 2566 tempore,
1064 2489 1238 2548 conservari
1253 2507 1288 2548 ac
1298 2489 1440 2548 ferventis

593 2587 663 2660 rari,
688 2587 779 2646 hahet
802 2587 833 2646 in
858 2605 913 2646 sua
936 2587 1074 2646 custodia
1088 2587 1265 2664 praedictam
1288 2587 1440 2646 Lanceam

592 2703 682 2756 mant,
697 2703 815 2745 necnon
830 2703 925 2744 unum
940 2703 976 2744 ex
992 2685 1093 2745 Clavis
1103 2683 1267 2760 praedictis,
1282 2699 1373 2762 prout
1387 2703 1440 2760 pra

591 2785 638 2844 sui
653 2786 743 2844 clarae
765 2785 919 2844 memoriae
940 2783 1082 2844 catholici
1105 2785 1311 2842 Romanorum
1331 2785 1428 2858 Reges

591 2897 705 2942 ratores
724 2884 814 2943 etiam
829 2883 1012 2954 hahuerunt,
1028 2894 1057 2940 et
1072 2881 1154 2956 quod
1169 2883 1207 2940 ad
1229 2881 1309 2956 ipsas
1325 2880 1439 2955 reliqui

590 2982 622 3040 in
637 2981 697 3039 illis
712 2981 849 3058 partibus
862 2997 969 3056 magna
982 2979 1104 3038 devotio
1117 2993 1147 3038 et
1161 2997 1326 3038 concursus
1339 2979 1429 3037 etiarn

591 3093 620 3138 ct
646 3097 699 3156 per
727 3081 858 3140 eundem
884 3085 996 3160 Regem
1029 3082 1111 3143 velut
1140 3081 1324 3142 catholicum
1353 3079 1439 3153 princ

590 3177 761 3236 devotionis
779 3197 951 3254 accensum,
968 3181 1058 3240 nobis
1077 3179 1232 3238 humiliter
1251 3177 1431 3252 supplicato,

591 3275 712 3334 Lancea
735 3291 764 3335 et
784 3277 896 3352 Clavis,
912 3294 974 3339 tarn
997 3296 1053 3355 pro
1069 3295 1175 3338 eornm
1189 3276 1385 3337 veneratione
1398 3291 1438 3331 ma

588 3391 645 3450 pro
660 3376 788 3434 Romani
803 3375 922 3454 imperii
938 3378 1039 3436 lavore
1052 3391 1082 3437 et
1095 3377 1210 3435 honore
1224 3373 1377 3452 praecipue
1387 3373 1438 3430 lest

590 3471 698 3530 maniae
716 3486 746 3532 et
770 3473 924 3534 Bohemiae
939 3474 1076 3549 partibus
1095 3485 1243 3550 perpetuo
1262 3469 1409 3530 celebrari
1431 3485 1438 3525 t

589 3571 754 3648 praecipere
769 3572 972 3648 dignaremur.

626 3671 690 3730 Nos
714 3672 815 3747 itaque
835 3673 1003 3749 cupientes,
1026 3673 1109 3750 quod
1130 3671 1188 3748 ipsi
1204 3671 1323 3730 Lancea
1336 3683 1425 3745 atque

588 3767 671 3838 dicti,
686 3768 717 3827 in
738 3771 874 3844 partibus
894 3772 1023 3830 maxime
1038 3771 1069 3830 in
1094 3769 1205 3846 quihus
1228 3769 1377 3828 habentur
1391 3783 1419 3828 et

588 3877 649 3939 tur,
666 3879 750 3925 tanto
775 3870 813 3926 ab
838 3869 911 3944 ipsis
933 3869 1045 3928 Christi
1072 3867 1214 3926 fidelibus
1239 3867 1376 3926 devotius
1396 3886 1436 3924 ver

589 3977 705 4036 quanto
718 3982 773 4040 pro
789 3965 862 4042 ipsis
877 3967 1076 4026 celebriorem
1089 3965 1249 4025 Altissimo
1264 3965 1378 4022 cultum
1393 3965 1436 4022 vid

589 4061 665 4133 beri,
690 4061 808 4120 devotis
829 4082 952 4139 quoque
972 4063 1108 4139 ejusdem
1129 4063 1218 4139 Regis
1241 4063 1436 4139 supplication

558 4223 561 4230 ,
589 4160 847 4234 nati,Apostolica
857 4163 1036 4222 auctoritate
1049 4162 1243 4221 statuendum
1255 4162 1393 4221 duximus
1402 4175 1429 4220 et

590 4256 735 4330 nandum,
751 4261 834 4333 quod
848 4261 886 4318 ad
900 4261 996 4336 ipsius
1011 4263 1177 4322 Salvatoris
1192 4261 1288 4320 nostri
1308 4262 1423 4319 laudem

589 4355 627 4414 de
635 4353 801 4430 praemissis
811 4357 1077 4420 LanceaetClavis
1088 4373 1118 4418 et
1128 4359 1435 4419 subeorumvocahul
