2924 5364
211 96 274 165 152
394 114 503 163 uoras
526 114 569 162 ar
591 100 721 164 arunas
744 104 1053 178 arcaaouocrouas

206 358 327 430 ducem,
342 365 484 430 nepotem
498 372 597 426 suum,
607 373 677 413 cum
686 356 826 433 catalogo
840 358 1046 418 donationum
1059 378 1078 419 a
1090 361 1160 420 Co·
1176 378 1202 401 <r
1227 357 1232 367 ’
1248 375 1255 408 t

205 455 320 538 tino-et
338 453 579 526 successoribus,
599 466 691 529 atque
708 455 844 529 patriciis
859 455 1008 516 factarum
1024 459 1058 518 in
1078 457 1206 536 pro‘,

205 552 336 626 Tuscia,
366 552 493 628 Spoleti,
523 553 698 626 Beneventi,
728 554 862 612 Corsica
890 568 921 613 et
948 556 1084 629 Sabinae,

207 651 319 709 educto
337 667 375 709 ex
398 650 522 709 archivo
544 651 732 726 apostolico;
748 670 792 710 ete
812 652 964 727 siquidem
988 673 1007 711 a
1032 638 1240 731 Langobar&r
1266 724 1269 725 ⁷

207 749 386 825 jamdudum
400 749 524 822 invasae,
540 751 678 808 nondum
692 750 812 809 fuerant
828 751 987 810 restituta.
1004 753 1080 812 Orat
1097 766 1129 812 ut
1142 753 1219 811 Cors‘
1264 752 1278 793 ’-

206 847 317 907 tantini
353 848 454 906 felicia
484 860 622 925 tempora
652 848 812 923 instauret,
846 850 1010 910 exaltando
1035 851 1210 928 Apostoliom

210 945 332 1005 Sedem.

245 1129 367 1187 Domno
375 1128 629 1188 excellentissimo
641 1127 707 1186 filio
717 1129 829 1187 Carolo
844 1131 907 1205 regi
920 1132 1109 1189 Francorum
1118 1141 1146 1188 et
1159 1130 1215 1187 Len·
1276 1122 1284 1129 ’

210 1226 427 1304 gobardorum,
440 1240 532 1302 atque
545 1228 674 1303 patricio
691 1230 909 1303 Romanorum,
920 1230 1075 1288 Adrianus
1086 1247 1166 1306 papa.

248 1434 288 1492 Et
305 1433 384 1492 sicut
405 1433 594 1509 temporibus
614 1434 694 1491 beati
720 1435 875 1508 Sylvestri,
893 1436 1023 1492 Romani
1047 1434 1218 1511 pontilicis,a
1282 1442 1286 1449 ·

212 1545 326 1590 sanctae
353 1533 574 1592 recordationis
593 1533 733 1607 piissimo
758 1534 960 1592 Constantino
983 1536 1097 1610 Magno
1116 1535 1219 1610 impert·

211 1643 290 1703 tore,
304 1648 359 1705 per
377 1634 442 1709 ejus
463 1631 632 1708 largitatem
657 1645 760 1690 sancta
784 1632 840 1689 Dei
859 1632 1010 1690 catholica
1033 1647 1064 1692 et
1082 1632 1220 1709 apostolice

214 1732 352 1788 Romana
367 1731 504 1789 Ecclesia
518 1731 634 1789 elevata
646 1745 737 1807 atque
757 1734 888 1790 exaltata
902 1746 958 1806 est,
971 1746 1002 1791 et
1020 1730 1222 1808 potestatemiu
1286 1758 1287 1761 ¹

213 1828 261 1886 his
277 1830 435 1904 Hesperiae
448 1829 587 1906 partibus
602 1829 705 1905 largiri
718 1830 859 1905 dignatus
874 1845 928 1903 est,
944 1831 987 1888 ita
1000 1846 1029 1890 et
1043 1833 1076 1890 in
1086 1832 1132 1889 his
1141 1825 1225 1888 vestris

213 1926 397 1986 felicissimis
415 1929 604 2005 temporibus
620 1941 711 2004 atque
726 1930 848 1999 nostris,
860 1944 963 1988 sancta
983 1930 1040 1987 Dei
1057 1929 1197 2000 Ecclesia,
1206 1919 1230 1982 il

215 2037 261 2083 est
292 2025 373 2082 beati
394 2028 475 2085 Petri
495 2029 626 2105 apostoli
650 2029 799 2104 germinet
818 2043 908 2104 atque
928 2029 1051 2101 exultet,
1073 2027 1234 2105 etamplius

215 2135 306 2198 atque
318 2125 449 2200 amplius
464 2129 593 2185 exaltata
608 2142 794 2203 permaneat,
810 2141 842 2185 ut
859 2146 966 2185 omnes
983 2141 1089 2202 gentes
1105 2145 1172 2203 quae
1185 2127 1239 2183 hec

216 2224 368 2282 audierint
382 2223 501 2282 edicere
515 2226 650 2283 valeant:
660 2226 798 2296 Domine,
811 2226 925 2284 solvam
933 2226 990 2301 soc
1001 2244 1114 2305 regem,
1126 2234 1243 2284 eternu-

216 2321 248 2379 di
262 2339 314 2380 nos
329 2323 359 2379 in
374 2321 432 2395 die,
449 2323 478 2379 in
493 2341 550 2400 quo
566 2325 800 2383 invocaverimus
814 2336 842 2381 te
854 2344 865 2379 .·
877 2325 948 2399 quia
963 2343 1033 2383 ecce
1045 2343 1144 2383 novus
1155 2324 1247 2383 Chris·

215 2417 405 2477 tianissimus
423 2420 479 2479 Dei
500 2422 719 2481 Constantinus
735 2423 899 2498 imperator
920 2423 968 2480 his
983 2424 1175 2498 temporibus
1189 2439 1247 2481 sur·

217 2516 305 2591 rexit,
318 2535 474 2593 perquem
488 2519 592 2578 omnia
607 2522 689 2577 Deus
704 2534 817 2578 sanctae
830 2539 892 2578 suae
910 2521 1055 2578 Ecclesiae
1071 2522 1153 2580 beati
1168 2540 1250 2598 apos·

218 2614 353 2672 tolorum
363 2615 510 2692 principis
522 2617 603 2675 Petri
614 2617 716 2694 largiri
732 2619 874 2693 dignatus
885 2631 940 2690 est,
953 2620 1006 2676 sed
1019 2631 1050 2677 et
1064 2633 1176 2679 cuncta
1188 2620 1252 2686 alia,

220 2731 289 2788 quae
302 2732 357 2790 per
370 2715 507 2774 diversos
526 2715 737 2792 imperatores,
750 2716 894 2792 patricios
909 2717 1000 2775 etiam
1014 2731 1045 2775 et
1063 2717 1143 2775 alios
1162 2719 1255 2776 Deum

219 2811 373 2886 timentes,
389 2832 445 2889 pro
465 2832 571 2873 eorum
590 2815 699 2872 animae
715 2815 854 2873 mercede
869 2827 899 2871 et
917 2814 1005 2872 venia
1019 2815 1215 2889 delictorum,
1230 2817 1257 2874 in

219 2911 358 2987 partibus
384 2912 516 2985 Tusciae,
542 2913 678 2987 SpoletO,
709 2929 762 2970 seu
791 2913 976 2986 Benevento,
1005 2927 1096 2988 atque
1123 2915 1260 2985 Corsica,

222 3012 355 3071 simulet
372 3014 531 3072 Savinensi
552 3014 746 3088 patrimonio,
762 3015 852 3070 beato
881 3015 971 3070 Petro
995 3012 1157 3085 Apostolo,
1175 3031 1262 3070 sanc-

222 3123 323 3186 taeque
348 3112 403 3168 Dei
427 3125 456 3169 et
471 3111 655 3186 Apostolicae
680 3112 823 3167 Romana:
848 3109 993 3167 Ecclesiae
1012 3126 1158 3164 concessa
1180 3124 1262 3181 sunt,

223 3221 253 3266 et
266 3226 321 3282 per
335 3209 496 3267 nefandam
512 3225 632 3286 gentem
647 3209 918 3284 Langobardorum
933 3225 986 3280 per
1002 3224 1152 3262 annorum
1166 3208 1267 3280 spatia

224 3307 376 3364 abstracta
393 3320 483 3382 atque
499 3308 599 3365 ablata
619 3320 699 3378 sunt,
719 3306 825 3364 vestris
841 3304 1030 3378 temporibus
1054 3304 1265 3363 restituantur.

227 3403 316 3462 Unde
341 3417 369 3461 et
392 3405 494 3479 plures
515 3407 696 3463 donationes
719 3405 750 3461 in
772 3422 858 3460 sacro
874 3416 979 3460 nostro
1000 3401 1120 3459 Scrinio
1140 3404 1268 3461 Latera·

227 3501 313 3559 nensi
329 3503 499 3560 reconditas
514 3503 672 3575 habemus,
685 3516 786 3560 tamen
801 3515 830 3559 et
840 3520 894 3575 per
915 3500 1157 3557 satisfactionem
1172 3501 1269 3558 chris·

226 3599 389 3658 tianissimi
400 3601 483 3675 regni
495 3601 597 3672 vestri,
610 3620 663 3676 per
674 3604 733 3675 jam
744 3601 821 3658 fatos
836 3600 928 3670 viros,
946 3601 983 3656 ad
995 3599 1270 3657 demonstrandum

229 3715 280 3756 eas
289 3697 377 3754 vobis
398 3697 574 3771 direximus,
588 3712 617 3757 et
638 3717 692 3773 per
704 3700 762 3756 boe
778 3698 911 3772 petimus
927 3697 1068 3754 eximiam
1084 3698 1271 3755 Praecellen-

229 3793 302 3852 tiam
324 3796 463 3852 Vestram
482 3796 561 3853 utin
581 3796 698 3871 integro
722 3796 788 3870 ipsa
811 3794 994 3870 patrimonia
1015 3796 1105 3850 beato
1123 3795 1216 3850 Petro
1242 3808 1272 3852 et

232 3893 321 3953 nobis
339 3892 497 3953 restituere
519 3893 658 3967 jubeatis,
683 3906 714 3952 et
733 3894 806 3952 dum
831 3892 934 3951 omnia
961 3909 1015 3967 per
1038 3903 1173 3951 vestrum
1195 3909 1272 3949 con-
