2924 5364
241 494 310 569 238
432 514 542 567 nores
562 514 607 567 rrr
627 499 756 567 munus
777 500 1089 583 mctmotoorours

238 770 329 821 entre
348 753 396 820 les
415 754 551 823 Comtes
571 757 612 819 de
625 754 795 820 Toulouse
808 770 841 819 et
856 755 889 820 la
906 774 992 821 cour
1014 758 1056 821 de
1075 758 1234 824 Consunti

237 862 359 947 nople:
374 866 393 929 i
406 865 438 930 la
452 864 498 931 fin
511 867 556 930 du
570 875 614 931 11·
626 864 734 944 siecle,
749 865 796 928 les
805 864 914 929 lettres
927 866 1078 931 d’Alexis
1093 868 1237 933 Comnlrt

236 970 257 1035 d
280 972 455 1057 Rayntond
479 974 520 1038 de
542 972 766 1052 saint-Gilles,
783 972 1022 1056 temoignaient
1050 976 1094 1039 de
1117 976 1238 1060 l'impor·

236 1092 330 1143 tance
341 1080 381 1143 de
395 1080 484 1145 leurs
501 1080 666 1145 relations.
688 1078 786 1143 Enfin
805 1078 837 1143 la
859 1078 1019 1144 tradition
1033 1080 1240 1166 affirmaitque

236 1184 285 1249 les
308 1186 450 1270 reliques
471 1187 510 1251 de
538 1186 761 1251 stim-Sernin
788 1186 828 1249 de
851 1185 1026 1250 Toulouse
1049 1189 1241 1253 renaientde

237 1292 387 1377 Byzance
415 1312 423 1358 :
452 1292 535 1358 mais
561 1312 688 1357 aucune
715 1292 804 1376 piece
838 1294 1112 1377 contemporaine
1143 1296 1242 1360 n’artit

235 1400 387 1486 jusqu‘ici
405 1399 581 1463 corrobord
601 1414 682 1463 cette
709 1417 875 1482 croyance.
908 1400 965 1464 Un
995 1399 1177 1465 inventaire
1197 1403 1241 1465 det

234 1506 377 1591 reliques
403 1506 444 1569 de
466 1503 753 1587 Sunt-Trophimo
781 1503 917 1584 d’Arles,
939 1506 985 1568 du
1017 1526 1054 1569 η
1075 1509 1241 1591 septembre

237 1616 330 1689 1152,
354 1610 466 1698 public
477 1631 536 1697 par
557 1612 604 1677 M.
625 1612 655 1675 le
668 1611 830 1676 chanoine
851 1613 898 1677 U.
928 1612 1106 1677 Chevalier
1126 1614 1147 1693 ¹,
1168 1614 1242 1679 vient

232 1742 319 1787 nous
344 1735 496 1807 tpporter
524 1720 557 1785 la
587 1720 677 1804 piece
712 1720 769 1803 qui
790 1739 875 1783 nous
903 1722 1077 1806 menquuit
1106 1739 1139 1787 et
1165 1742 1238 1787 nous

231 1827 311 1893 faire
330 1828 498 1891 connaitre
525 1827 683 1909 quelques
707 1845 789 1888 unes
814 1827 870 1889 des
892 1826 1039 1910 reliques
1058 1848 1170 1913 reques
1193 1846 1241 1912 prr

231 1933 407 2017 Raymond
430 1934 470 1995 de
489 1931 581 1997 Saint
594 1931 697 1997 Gilles
723 1932 742 1995 lt
763 1931 1053 2017 Constantinople,
1079 1934 1174 1999 celles
1192 1932 1239 2017 qui

228 2038 338 2104 iurent
351 2038 520 2123 apporldes
534 2040 553 2102 l
567 2037 673 2102 Aries.

263 2270 278 2305 a
297 2250 373 2309 item
388 2251 421 2311 in
444 2250 550 2327 majori
573 2268 662 2309 cruce
680 2263 831 2326 argentea,
851 2250 998 2327 incapite
1021 2252 1178 2325 crucifixi,
1190 2269 1240 2328 que

227 2347 260 2406 in
278 2346 363 2409 iestis
376 2350 485 2409 diebus
499 2349 531 2407 in
544 2349 738 2423 processione
751 2350 893 2421 defertur,
906 2362 977 2408 sunt
990 2350 1150 2409 recondite
1164 2368 1241 2409 sanc-

224 2459 327 2509 torum
339 2452 504 2511 multorum
519 2451 656 2526 reliquie,
667 2452 704 2509 de
718 2452 828 2509 Sancta
842 2452 964 2508 Corona
979 2451 1105 2509 Domini
1117 2464 1149 2510 et
1163 2452 1242 2510 desu-

223 2566 279 2626 per
288 2549 484 2622 Crucitixum,
495 2563 541 2608 est
552 2566 725 2624 parvacrux
735 2550 772 2607 de
785 2549 867 2624 ligno
878 2548 997 2606 vivifice
1011 2548 1133 2619 Crucis,
1144 2565 1242 2624 argen-

222 2658 306 2705 teum
316 2650 398 2724 quod
409 2660 454 2706 est
465 2648 497 2705 in
512 2647 639 2705 ecclesia
650 2647 715 2722 ipsa
727 2646 913 2705 Arelatensi:
928 2646 1096 2723 imperator
1103 2648 1244 2705 Constan

222 2744 305 2805 tinus
331 2760 464 2817 octavus,
482 2746 660 2821 Raymundo
681 2745 784 2803 comiti
810 2745 840 2802 S.
868 2744 980 2820 Egidii,
1001 2744 1244 2821 Hierosolymam

220 2860 291 2903 cum
309 2844 442 2903 exercitu
460 2843 675 2918 proficiscenti,
700 2844 798 2919 ipsum
821 2843 991 2918 preciosum
1007 2842 1152 2917 Lignum,
1179 2860 1245 2900 curn

220 2942 350 2999 maxima
364 2942 527 3000 devotione
540 2955 568 2999 et
584 2941 804 3016 supplicatione
819 2940 994 3016 postulanti,
1004 2940 1041 2997 de
1057 2959 1112 2998 sua
1125 2940 1244 3016 propria

219 3039 343 3114 Capella
357 3039 491 3109 donavit,
507 3040 590 3113 quod
608 3039 788 3097 venerabilis
810 3039 953 3095 memorie
962 3039 1131 3113 Aycardus,
1148 3056 1244 3113 quon·

217 3135 288 3193 dam
301 3136 486 3193 Arelatensis
506 3136 770 3210 Archiepiscopus‚
782 3138 818 3193 de
830 3135 1037 3194 transmarinis
1048 3136 1171 3193 rediens
1181 3153 1245 3210 par·

216 3231 308 3302 tibus,
330 3233 430 3292 attulit
443 3247 472 3291 et
482 3234 579 3292 eidem
592 3234 717 3292 ecclesie
730 3235 868 3293 contulit.
885 3256 898 3287 t

257 3411 413 3494 Quoique
440 3432 578 3495 presque
609 3412 886 3496 contemporaine,
925 3429 956 3475 et
986 3411 1113 3495 pariant
1146 3412 1245 3475 d’une

215 3518 374 3581 donation
387 3519 520 3582 vieilleri
535 3519 629 3602 peine
644 3521 683 3582 de
698 3520 873 3602 cinquante
886 3539 954 3597 ans,
972 3535 1053 3582 cette
1068 3517 1160 3601 piece
1171 3519 1246 3600 pre·

215 3638 304 3684 sente
319 3623 358 3684 de
374 3623 566 3705 singulieres
583 3645 719 3687 erreurs.

255 3729 1244 3813 llnepeutenaucuncasltrequestiondeConstantinVIll,

211 3834 268 3917 qui
279 3840 378 3917 regna
388 3838 427 3899 de
439 3838 500 3900 868
517 3839 535 3900 a
550 3840 612 3921 878
633 3856 640 3900 :
657 3839 727 3902 seul
744 3838 940 3903 Constantio
952 3840 996 3902 XI
1016 3839 1245 3922 (¹059·¹0⁶7l2

242 4112 266 4149 1.
289 4097 383 4149 Gallia
412 4098 569 4153 Christiana
595 4103 682 4155 novis·
762 4103 843 4154 chan.
871 4103 907 4155 U.
932 4103 1086 4154 Chevalier.
1107 4102 1242 4167 Valence,

205 4185 283 4248 rima,
299 4186 409 4252 public'e
430 4203 480 4253 par
501 4189 545 4240 feu
561 4192 585 4241 le
600 4192 679 4243 chan.
762 4190 895 4256 cheleon,
906 4191 1103 4257 in-4⁰,lasc.ll,
1116 4208 1144 4258 p.
1162 4192 1241 4258 1046.

204 4274 279 4329 J.·H.
302 4275 432 4337 Albants,
454 4278 572 4330 annotee
586 4295 636 4345 par
654 4282 680 4334 le
