2924 5364
1443 360 1450 421 i

1443 452 1449 501 l

422 817 435 849 a
455 813 529 871 pum
542 795 773 870 processissent,
789 795 828 853 ad
841 794 900 853 tria
921 793 983 853 fere
1002 794 1096 868 milia,
1112 813 1184 855 ecce
1201 798 1350 857 vexillum
1385 833 1387 840 ‹
1412 864 1415 869 ,
1439 669 1462 901 Ε

421 893 551 953 arabile
569 893 722 953 excelsum
744 892 831 953 valde
855 905 885 951 et
908 892 1083 965 candidum,
1099 906 1130 952 et
1151 913 1224 953 cum
1244 913 1283 955 eo
1297 896 1360 956 mul
1368 895 1392 945 ιι

420 1014 434 1048 a
454 991 585 1050 milimm
599 991 768 1062 innumera,
783 1008 818 1049 ac
832 1004 941 1050 ventus
957 990 1071 1066 pariter
1085 1005 1114 1050 et
1136 993 1239 1069 pulvis
1259 994 1359 1067 nimis,
1370 1007 1397 1056 et
1415 1003 1419 1015 '
1440 1031 1462 1047 «ι

419 1113 433 1148 a
452 1102 568 1150 tantam
581 1088 684 1165 lugam
697 1090 817 1147 Turcos
831 1089 932 1160 vertit,
948 1102 982 1148 ut
995 1088 1061 1164 ipsa
1078 1105 1172 1163 arma,
1185 1090 1271 1166 ipsas
1282 1093 1369 1151 etiam
1380 1095 1430 1153 ra'·

417 1205 498 1252 ates
523 1190 640 1267 fugitivi
668 1188 857 1265 proicerent3
883 1200 913 1246 et
940 1187 984 1246 sic
1012 1206 1129 1261 omnes,
1159 1190 1225 1247 Deo
1250 1190 1426 1266 dispergente,

417 1313 431 1346 a
451 1290 562 1366 dilapsi
578 1302 658 1361 sunt,
673 1302 708 1348 ut
728 1303 880 1363 nusquam
902 1286 1014 1345 nostris
1039 1301 1220 1363 apparerent
1235 1289 1360 1366 amplius
1372 1300 1427 1348 :rte

416 1406 433 1446 a
451 1389 542 1448 miral
558 1389 666 1462 Neque
681 1387 762 1446 enim
780 1386 863 1444 unde
877 1385 1031 1456 vexillum,
1047 1386 1094 1443 vel
1110 1386 1163 1461 qui
1184 1405 1256 1444 curn
1274 1405 1311 1446 eo
1327 1385 1437 1461 suarna

417 1513 430 1544 ι
451 1487 541 1547 alicui
555 1502 672 1547 certum
691 1499 746 1545 est.
764 1485 870 1544 Nostri
886 1485 1000 1560 itaque,
1015 1485 1193 1560 colligentes
1210 1487 1333 1548 exuvias
1351 1485 1423 1548 etin·
1443 1476 1462 1559 1

416 1589 568 1648 «finitam
587 1589 714 1665 predam
739 1587 931 1662 fugientium,
952 1587 1081 1662 ingressi
1103 1589 1222 1661 urbem,
1242 1583 1423 1664 magnoeml·
1445 1571 1462 1576 ⁸

416 1700 516 1746 etant
535 1687 658 1763 gaudio.
682 1687 751 1760 lpsa
773 1699 874 1744 autem
894 1685 954 1755 die,
978 1697 1094 1743 tantam
1123 1685 1274 1744 Dominus
1297 1684 1373 1744 dedit
1390 1681 1422 1742 eia

417 1786 663 1845 «alimentorum
684 1798 715 1843 et
737 1797 909 1843 ceterorum
932 1785 1084 1841 bonorum
1105 1783 1225 1859 copiam
1248 1798 1283 1843 ut
1301 1797 1421 1844 autunno

417 1904 431 1938 a
451 1884 532 1959 apud
555 1902 612 1942 nos
634 1901 690 1942 nec
713 1896 798 1941 tanta
824 1883 863 1940 sit
886 1881 1104 1939 habundantia.
1131 1883 1221 1941 Nunc
1248 1901 1321 1943 vero
1345 1896 1423 1940 arcent

415 2002 429 2036 a
449 1979 581 2040 civitatis
597 1994 628 2039 et
649 1997 770 2038 omnem
785 1979 865 2037 circa
884 1979 1041 2054 regionem
1059 1979 1154 2037 libere
1168 1979 1423 2055 possiderentur

415 2099 428 2134 a
450 2078 488 2136 ad
501 2078 689 2153 superiorem
705 2078 842 2136 Niceam.
861 2100 874 2132 s

448 2174 514 2232 Hec
529 2192 632 2232 coram
647 2175 790 2234 omnibus
803 2178 923 2233 Brunus
938 2175 1069 2233 fideliter
1084 2175 1240 2250 explicuit.
1256 2176 1321 2236 Nos
1334 2187 1425 2244 auten,

410 2272 518 2332 fratres
533 2273 695 2346 karissimi,
712 2292 818 2332 omnes
840 2293 894 2332 vos
913 2274 965 2348 qui
984 2273 1112 2348 preestis
1126 2273 1261 2349 populis,
1277 2282 1428 2334 oramnsel

410 2373 607 2430 obsecramus
621 2371 652 2429 in
668 2372 811 2444 Domino,
822 2384 855 2428 ut
870 2369 983 2427 Christi
993 2369 1163 2443 victoriam,
1179 2371 1289 2430 vestris
1302 2368 1429 2431 enarretb

409 2482 441 2528 et
458 2469 625 2546 explanetis
645 2468 726 2541 filiis,
749 2469 947 2527 admonentes
967 2479 996 2524 et
1017 2467 1055 2524 ad
1074 2467 1287 2528 remissionem
1304 2483 1431 2546 peccato·

409 2587 477 2627 rum
491 2568 695 2644 injungentes,
709 2581 744 2626 ut
762 2581 962 2641 quoscunque
986 2564 1083 2635 decet,
1103 2565 1237 2641 exceptis
1258 2567 1434 2644 pauperibus

408 2677 440 2723 et
462 2664 651 2736 mulieribus,
671 2677 700 2722 et
721 2663 765 2722 ire
785 2661 950 2739 prevalent,
972 2659 1078 2718 fratres
1100 2663 1220 2722 adeant.
1238 2665 1304 2724 Vos
1323 2681 1436 2744 quoque

408 2762 516 2820 devote
536 2775 565 2820 et
585 2761 706 2820 assidue
730 2759 854 2835 psalmis
875 2771 904 2816 et
927 2757 1037 2833 vigiliis
1057 2757 1167 2819 instate
1189 2774 1219 2819 et
1238 2763 1437 2839 orationibus,

406 2875 451 2935 ut,
467 2880 557 2938 quarn
573 2862 669 2920 acturi
685 2875 755 2919 sunt
769 2860 847 2917 viam
865 2876 918 2933 per
933 2859 1072 2916 nationes
1088 2860 1242 2931 barbaras,
1260 2864 1371 2923 muniti
1384 2876 1440 2922 tarn

407 2960 588 3017 bellatorum
608 2959 700 3016 armis
724 2975 815 3033 quam
836 2957 1072 3014 intercessorum
1096 2959 1222 3031 meritis,
1246 2973 1346 3019 tutam
1363 2976 1441 3022 tran-

405 3058 593 3132 quillamque
605 3057 697 3114 vitam
713 3068 813 3129 agant.
832 3055 946 3110 Notum
966 3072 1088 3128 quoque
1102 3056 1188 3112 vobis
1203 3055 1346 3128 facimus,
1362 3059 1442 3133 quod

405 3158 535 3215 domnus
550 3173 628 3230 papa
644 3155 786 3212 Urbanus
802 3153 882 3226 apud
899 3153 1008 3207 Barum
1021 3165 1104 3210 tenet
1119 3152 1294 3225 concilium,
1311 3168 1443 3215 tractans

405 3269 435 3314 et
460 3254 637 3329 disponens,
661 3270 730 3310 cum
752 3250 855 3308 multis
873 3262 953 3306 terre
978 3249 1180 3325 senatoribus,
1208 3254 1247 3311 ad
1272 3254 1443 3314 Jerusalem

404 3352 541 3429 prolecto
557 3353 692 3410 tendere.

440 3451 554 3509 Valete.

429 537 492 610 116
610 559 719 609 notus
743 558 786 608 nr
809 544 939 607 annuns
961 545 1277 621 nacunonoorouns

498 3575 640 3642 [Archives
655 3574 689 3627 de
700 3575 814 3627 l'Orient
828 3575 906 3638 latin,
923 3583 943 3627 t.
959 3575 979 3639 1,
996 3591 1022 3642 p.
1042 3575 1112 3642 aad]

900 3883 932 3921 12

435 4013 507 4072 Dies
527 4031 635 4089 pugnae
651 4013 805 4073 indicitur.
828 4014 1003 4072 Procedunt
1018 4013 1182 4072 Christiani
1203 4030 1273 4070 cum
1288 4012 1440 4074 militibus

399 4126 429 4171 et
450 4111 616 4187 peditibus,
636 4111 685 4168 vix
700 4112 737 4169 ad
759 4112 817 4170 tria
839 4111 933 4169 millia
952 4111 1093 4169 estimati.
1118 4109 1274 4183 Principes
1294 4112 1439 4185 gradiun-

398 4224 449 4268 tur
473 4210 505 4268 in
527 4208 638 4280 fronte,
655 4208 770 4267 scilicet
789 4209 970 4283 patriarcha,
985 4226 1042 4282 pro
1062 4208 1172 4265 vexillo
1191 4208 1291 4266 serens
1313 4228 1438 4269 crucem

399 4306 532 4380 Christi3
549 4307 643 4365 abbas
658 4305 732 4364 olim
747 4306 960 4366 cluniacensis
975 4305 1113 4377 Pontius,
1125 4305 1284 4381 proferens
1297 4307 1438 4367 lanceam
