3130 5514
561 551 626 602 rao
741 551 851 602 noras
873 551 917 601 rr
939 537 1070 602 munus
1094 537 1430 612 arcuaotoorouas

555 807 647 866 quam
660 801 695 848 ut
707 799 751 862 tu,
774 789 827 866 qui
840 801 927 865 pater
941 801 971 850 et
989 801 1082 865 caput
1104 787 1282 848 christianae
1304 787 1430 864 religio

555 887 594 946 ad
608 889 716 946 urbem
729 887 928 962 principalem
940 899 971 946 et
982 887 1145 962 capitalem
1158 885 1326 946 christiani
1341 905 1430 944 nom

555 997 585 1044 et
599 983 713 1044 bellum
734 985 819 1060 quod
844 997 930 1044 tuum
949 999 996 1045 est
1010 1003 1047 1044 er
1064 999 1118 1045 tua
1137 997 1222 1062 parte
1241 983 1430 1043 coniicias]

553 1083 673 1141 Turcos
687 1095 718 1142 et
732 1099 866 1160 paganos
886 1083 1136 1160 expugnavimus,
1157 1081 1329 1142 hereticos
1354 1096 1430 1141 aute

554 1193 586 1240 et
606 1181 770 1252 Armenos,
802 1179 912 1256 Syros,
938 1181 1155 1257 lacobitasque
1182 1197 1370 1257 expugnare
1406 1199 1430 1236 n

555 1277 737 1336 Mandemus
749 1278 841 1354 igitur
855 1291 886 1336 et
897 1279 1111 1336 remandamus
1124 1277 1192 1350 tibi,
1208 1277 1381 1336 carissimo
1399 1297 1430 1352 pt

554 1387 589 1432 ut
602 1387 635 1432 tu
650 1387 735 1451 pater
753 1387 783 1432 et
801 1388 893 1450 caput
911 1375 950 1434 ad
963 1387 1025 1434 ture
1039 1375 1230 1452 paternitatis
1249 1375 1363 1433 locum
1377 1393 1430 1432 ver

555 1472 636 1530 beati
652 1471 734 1530 Petri
753 1489 786 1532 es
799 1471 942 1544 vicarius,
958 1473 989 1531 in
1008 1473 1153 1532 cathedra
1167 1473 1233 1546 ejus
1252 1473 1372 1531 sedeas
1399 1485 1430 1530 et

553 1580 625 1627 tuos
647 1571 679 1628 in
693 1571 836 1630 omnibus
854 1583 936 1630 recte
954 1571 1080 1646 agendis
1098 1571 1278 1630 obedientes
1299 1570 1428 1628 habeas

553 1665 685 1726 haereses
698 1669 917 1744 cujuscumque
941 1668 1060 1744 generis
1079 1668 1150 1740 sint,
1168 1681 1221 1728 tua
1242 1667 1430 1727 auctoritate

553 1763 665 1824 virtute
687 1766 823 1824 eradices
853 1779 883 1826 et
909 1765 1058 1824 destruas.
1084 1767 1123 1823 Et
1150 1763 1194 1822 sic
1222 1765 1396 1823 nobiscum
1425 1783 1430 1806 ¹

553 1861 706 1922 Christis
728 1864 818 1922 nobis
837 1863 989 1940 inceptam
1012 1875 1043 1922 et
1064 1881 1082 1920 a
1106 1875 1136 1921 te
1157 1862 1360 1938 predicatum
1385 1880 1428 1937 po

552 1959 712 2036 utriusque
736 1961 922 2020 iherusalem
952 1961 1042 2020 nobis
1069 1961 1188 2036 aperias
1213 1966 1243 2020 et
1266 1961 1430 2036 sepulcrm

552 2055 694 2130 liberum,
713 2070 804 2134 atque
822 2057 1022 2118 christianum
1036 2075 1148 2118 nornen
1162 2075 1254 2134 super
1272 2075 1370 2116 omne
1389 2075 1430 2116 no

552 2166 648 2213 tatum
666 2153 769 2213 iacias.
783 2155 815 2213 Si
825 2154 907 2213 enirn
919 2155 958 2214 ad
971 2173 1029 2214 nos
1042 2155 1171 2227 veneris,
1185 2167 1216 2214 et
1231 2155 1314 2213 viam
1328 2171 1387 2230 per
1401 2168 1430 2212 te

553 2251 713 2310 nobiscum
727 2251 900 2328 perfeceris,
923 2265 1007 2312 totus
1026 2253 1158 2312 mundus
1180 2251 1237 2312 tibi
1253 2253 1430 2311 obediens<

552 2349 617 2424 ipse
639 2363 669 2409 te
701 2349 800 2408 iacere
826 2349 917 2410 iaciat
941 2351 993 2426 qui
1020 2351 1103 2409 Deus
1127 2349 1201 2410 vivit
1227 2363 1258 2410 et
1284 2363 1394 2426 regnet
1420 2349 1429 2406 i

554 2447 738 2506 seculorum
749 2447 858 2506 Amen.

663 2571 814 2639 [Fulcberii
827 2571 1008 2626 Carnotensis
1024 2572 1153 2626 Historia
1166 2572 1430 2642 Hierosolymitana,

615 2662 718 2716 torieas
734 2659 916 2715 occidentaux
926 2661 976 2716 des
990 2661 1145 2728 croisades,
1158 2673 1181 2716 t.
1199 2663 1245 2726 lll,
1258 2679 1286 2731 p.
1303 2659 1430 2716 350-351.

1052 2965 1094 3018 ¹4·

728 3117 791 3175 CX.
802 3149 836 3160 -
853 3117 964 3195 Incipit
979 3116 1108 3176 inventio
1122 3115 1248 3174 Domini
1265 3115 1395 3175 Lanceae.

588 3321 683 3399 igitur
697 3339 792 3397 quum
815 3333 903 3396 capta
926 3333 1007 3380 esset
1028 3319 1135 3380 civitas
1158 3319 1337 3393 Antiochia,
1351 3337 1421 3378 usus

551 3419 645 3480 tentia
660 3431 690 3478 et
703 3419 888 3496 benignitate
904 3419 1063 3492 Dominus,
1077 3435 1243 3495 pauperem
1260 3419 1410 3494 quemdam
1425 3439 1430 3477 ι

552 3515 652 3592 elegit,
677 3516 899 3575 Provincialem
922 3534 1043 3592 genere,
1064 3535 1118 3594 per
1142 3533 1234 3592 quern
1257 3533 1355 3574 omnes
1374 3535 1426 3575 nos

552 3614 641 3688 tavit3
660 3625 691 3672 et
704 3611 808 3672 comiti
831 3627 861 3673 et
876 3613 1021 3672 Podiensi
1044 3613 1174 3690 epicopo
1198 3613 1264 3672 haec
1284 3614 1368 3672 verba
1390 3632 1430 3672 ma

553 3711 730 3783 «Andreas,
746 3713 802 3770 Dei
825 3725 855 3771 et
878 3711 1002 3770 Domini
1017 3711 1114 3770 nostri
1133 3713 1205 3770 lesu
1225 3711 1331 3769 Christi
1345 3726 1430 3787 apost<

553 3829 568 3863 e
584 3821 691 3883 quater
702 3807 777 3865 olim
791 3808 910 3868 monuit
924 3820 954 3867 et
969 3808 1056 3883 jussit
1069 3821 1103 3868 ut
1117 3808 1156 3866 ad
1165 3825 1220 3867 vos
1234 3806 1365 3879 venirem,
1376 3809 1430 3865 etl

553 3931 567 3963 e
584 3925 652 3983 quae
664 3907 829 3967 salvatoris
844 3909 923 3968 latus
934 3909 1062 3985 aperuit,
1073 3923 1161 3986 capta
1173 3909 1301 3981 civitate,
1312 3909 1388 3968 vobis
1397 3927 1430 3968 ret

554 4029 567 4061 a
585 4003 687 4064 Hodie
701 4019 802 4064 autem
817 4024 910 4081 quum
923 4009 961 4066 ad
975 4025 1108 4086 pugnam
1130 4007 1283 4084 proiectus
1296 4025 1380 4066 essem
1394 4023 1430 4066 ext

554 4114 676 4161 «tatem
692 4118 763 4159 cum
784 4102 919 4178 reliquis,
935 4118 1026 4180 atque
1046 4104 1282 4181 comprehensus
1295 4122 1309 4162 a
1322 4105 1422 4163 duobus

554 4221 568 4254 a
584 4199 641 4257 bus
652 4215 729 4273 pene
740 4197 906 4258 suffocatus
919 4199 951 4259 in
965 4219 1103 4278 regressu
1115 4203 1250 4276 fuissem,
1263 4201 1337 4278 quasi
1348 4203 1430 4260 exanit

553 4320 567 4351 «ι
584 4312 675 4372 super
689 4295 821 4372 lapidem
847 4298 1008 4372 quemdam
1031 4299 1141 4360 resedi.
1157 4301 1312 4377 Quumque
1331 4318 1383 4379 pre
1400 4301 1430 4360 dc
