3130 5514
437 555 482 605 na
505 553 628 606 sarum
650 555 762 604 nauca
1051 537 1115 626 145

86 781 202 857 festum,
216 801 289 842 cum
300 782 426 859 speciali
440 781 553 856 officio,
563 799 619 859 per
630 783 749 860 aliquos
762 783 927 860 praeclaros
942 783 1120 843 Catholieos

86 893 113 938 et
126 881 203 938 alios
225 881 338 939 divinae
362 881 481 957 pagine
499 881 625 957 peritos,
645 899 724 957 quos
744 882 825 940 idem
845 883 909 940 Rex
930 882 969 940 ad
987 881 1047 941 boc
1063 882 1121 941 eli·

86 979 198 1054 gendos
213 981 319 1054 ducet,
336 981 519 1054 ordinando,
537 993 621 1039 sexta
635 980 710 1040 laria
729 993 800 1057 post
818 981 948 1040 Octavas
961 981 1123 1040 Resurrec-

88 1076 178 1136 tionis
193 1077 377 1151 Dominicae,
389 1079 478 1137 annis
492 1078 618 1154 singulis
633 1096 651 1136 a
666 1078 779 1138 Christi
793 1079 946 1150 fidelibus,
961 1079 994 1138 in
1008 1077 1124 1138 eisdem

88 1173 253 1234 Alamaniae
271 1189 302 1234 et
318 1176 474 1234 Bohemiae
490 1175 627 1252 partibus
641 1189 790 1252 perpetuo
809 1177 976 1236 solenniter
987 1176 1124 1236 celebre-

87 1283 151 1345 tur;
172 1287 203 1332 et
221 1286 257 1332 ut
278 1273 386 1332 fideles
408 1273 522 1332 Christi
541 1274 580 1333 ad
596 1274 823 1332 venerationem
841 1274 979 1350 ipsorum
996 1277 1126 1336 Lancere

88 1384 116 1429 et
132 1371 301 1430 Clarorum
320 1371 485 1431 ferventius
507 1372 692 1446 animentur,
714 1385 806 1448 atque
826 1373 865 1430 ad
885 1374 1054 1434 Ecclesiam
1077 1375 1127 1435 vel

89 1467 245 1544 Capellam
259 1469 293 1528 in
315 1488 376 1545 qua
399 1469 511 1530 fuerint
525 1483 554 1529 et
574 1471 613 1528 ad
635 1471 872 1530 celebrationem
895 1471 965 1530 lesti
979 1485 1010 1532 et
1034 1472 1128 1532 officii

88 1567 317 1642 praedictorum,
337 1567 482 1626 libentius
502 1567 668 1641 confluant,
685 1586 746 1644 quo
766 1568 881 1628 ibidem
899 1569 1025 1628 uberius
1044 1571 1128 1630 dono

90 1667 222 1726 caelestis
237 1667 346 1744 gratiae
359 1667 570 1742 conspexerint
582 1685 615 1726 se
629 1666 768 1740 reiectos,
782 1668 820 1726 de
836 1666 1057 1743 omnipotentis
1071 1667 1129 1726 Dei

91 1763 303 1824 misericordia
321 1777 351 1824 et
370 1766 528 1823 beatorum
551 1764 761 1840 apostolorum
785 1765 867 1822 Petri
889 1777 919 1822 et
943 1765 1042 1839 Pauli,
1064 1767 1130 1842 ejus

92 1864 274 1922 auctoritate
289 1862 408 1934 conlisi,
429 1862 572 1920 omnibus
591 1880 661 1921 vere
684 1862 906 1938 poenitentibus
924 1876 954 1922 et
967 1863 1128 1938 confessis,

93 1959 142 2034 qui
155 1959 187 2018 in
202 1961 256 2018 die
270 1960 341 2018 festi
360 1960 535 2036 hujusmodi
550 1960 647 2034 ipsam
663 1959 832 2018 Ecclesiam
851 1957 899 2016 vel
914 1960 1080 2036 Capellam,
1096 1961 1130 2020 in

94 2073 150 2131 qua
163 2070 241 2115 tunc
256 2059 377 2114 Lancea
391 2071 420 2115 et
434 2057 545 2115 Clavus
564 2057 622 2131 ipsi
641 2056 764 2130 luerint,
779 2070 814 2115 ut
834 2057 1004 2132 praefertur,
1019 2060 1130 2118 devote

94 2154 296 2227 visitaverint,
302 2161 470 2227 annuatim,
481 2169 543 2214 tres
557 2175 654 2216 annos
665 2171 695 2215 et
703 2171 765 2216 tres
774 2157 995 2235 quadragenas,
1002 2159 1132 2236 singulis

94 2251 237 2312 videlicet
262 2254 359 2329 ipsius
388 2254 456 2313 lesti
487 2255 606 2328 diebus,
631 2257 742 2332 quibus
760 2255 929 2316 Ecclesiam
958 2259 1056 2335 ipsam
1083 2259 1132 2318 vel

96 2354 254 2431 Capellam
272 2355 474 2429 visitaverint,
496 2357 539 2415 eis
557 2375 642 2430 vero,
664 2357 717 2432 qui
735 2359 841 2416 eadem
864 2357 915 2416 die
933 2357 965 2414 in
986 2358 1079 2416 missa
1103 2368 1135 2416 et

96 2455 225 2531 singulis
244 2453 330 2512 horis
344 2455 501 2514 canonicis
523 2455 699 2530 ubicunque
720 2454 752 2512 in
772 2453 936 2532 praesentia
950 2455 1023 2513 dicti
1043 2455 1135 2532 Regis

96 2565 124 2608 et
136 2569 353 2610 successorum
363 2569 488 2610 suorum
498 2551 720 2609 catholicorum
731 2553 939 2611 Romanorum
953 2554 1069 2628 Regum
1079 2569 1135 2611 seu

98 2649 334 2725 Imperatorum,
355 2649 408 2724 qui
432 2667 489 2725 pro
511 2662 650 2724 tempore
672 2647 795 2723 firerint,
818 2650 929 2709 divinis
952 2649 1134 2722 intererunt,

98 2761 158 2807 tam
178 2750 214 2808 in
243 2749 338 2808 missa
359 2767 451 2824 quam
473 2749 505 2806 in
524 2749 652 2824 singulis
675 2749 759 2808 horis
779 2750 905 2825 eisdem,
926 2761 1050 2809 centum
1070 2747 1137 2806 dies

99 2845 129 2904 in
143 2848 286 2924 qualibet
297 2847 438 2906 videlicet
457 2847 550 2906 missa
566 2861 597 2905 et
612 2846 739 2923 singulis
753 2847 838 2906 horis
851 2849 966 2908 eisdem
979 2847 1091 2924 quibus
1105 2843 1138 2903 in

98 2945 264 3020 presentia
279 2945 380 3021 Regis,
395 2945 443 3004 vel
458 2963 669 3004 successorum
684 2963 810 3003 suorum
823 2946 1041 3022 praedictorum
1060 2942 1139 3002 divi-

101 3043 147 3100 nis
160 3043 239 3120 ipsis
253 3044 424 3104 intererunt
438 3058 472 3104 ut
490 3045 658 3120 praefertur,
676 3045 714 3102 de
728 3043 872 3118 injunctis
890 3045 934 3104 eis
947 3041 1139 3121 poenitentiis

101 3139 246 3199 duximus
265 3141 502 3200 misericorditer
516 3142 707 3200 relaxandos.

137 3239 295 3310 Quocirca
310 3238 546 3297 Universitatem
559 3251 690 3296 vestram
716 3256 877 3298 monemus
892 3251 921 3297 et
939 3239 1097 3298 hortamur
1109 3235 1142 3296 in

104 3335 251 3407 Domino,
266 3352 320 3410 per
333 3335 511 3410 Apostolica
529 3334 616 3393 vobis
640 3335 753 3411 scripta
777 3336 966 3407 mandantes,
991 3347 1142 3410 quatenus

104 3433 217 3512 singuli
231 3445 367 3491 vestrum
380 3433 549 3508 praemissa,
562 3452 632 3492 curn
644 3435 682 3491 ad
697 3433 836 3492 notitiam
850 3447 981 3492 vestram
995 3449 1142 3508 pervene-

105 3533 174 3607 rint,
192 3534 225 3592 in
240 3533 367 3610 singulis
379 3533 487 3592 vestris
508 3532 684 3591 civitatibus
699 3545 728 3591 et
742 3533 938 3606 dioecesibus,
953 3548 1008 3607 per
1024 3547 1079 3590 vos
1096 3530 1144 3590 vel

107 3623 195 3704 alios,
210 3631 265 3689 ubi
285 3644 315 3689 et
337 3631 459 3708 quando
471 3631 559 3689 vobis
574 3630 716 3706 expedire
729 3629 892 3704 videbitur,
908 3627 1075 3687 solenniter
1087 3645 1145 3704 pu-

107 3727 221 3788 blicare
245 3727 376 3787 curetis:
399 3727 576 3804 dictumque
594 3727 716 3800 festum,
735 3727 861 3804 praelata
882 3725 943 3800 die,
968 3725 1056 3785 annis
1082 3726 1146 3784 sin·

109 3826 198 3900 gulis,
212 3838 249 3884 ut
271 3825 475 3902 praemittitur,
489 3826 649 3885 celebretis
668 3839 698 3884 et
718 3825 836 3884 faciatis
851 3827 889 3884 ab
904 3825 973 3884 aliis
987 3825 1146 3884 celebrari.

110 3923 220 3985 Datum
233 3924 402 3996 Avenione,
418 3924 462 3982 ld.
475 3925 565 3982 Febr.
580 3923 781 3982 Pontificatus
795 3923 892 3982 nostri
905 3942 986 3982 anno
1001 3923 1147 3982 secundo.

171 4043 237 4110 [Ap.
256 4041 412 4106 Gretaerus,
423 4041 580 4112 syntagm
594 4041 629 4094 de
641 4041 672 4093 S.
687 4039 723 4093 R.
736 4029 901 4110 luperafp.
918 4041 970 4108 td]
