<?xml version="1.0" encoding="UTF-8"?>
<!DOCTYPE html PUBLIC "-//W3C//DTD XHTML 1.0 Transitional//EN"
    "http://www.w3.org/TR/xhtml1/DTD/xhtml1-transitional.dtd">
<html xmlns="http://www.w3.org/1999/xhtml" xml:lang="en" lang="en">
 <head>
  <title>
</title>
<meta http-equiv="Content-Type" content="text/html;charset=utf-8" />
  <meta name='ocr-system' content='tesseract 3.04.00' />
  <meta name='ocr-capabilities' content='ocr_page ocr_carea ocr_par ocr_line ocrx_word'/>
</head>
<body>
  <div class='ocr_page' id='page_1' title='image "./exuvisacrconsta00mlgoog_0149.png"; bbox 0 0 3130 5514; ppageno 0'>
   <div class='ocr_carea' id='block_1_1' title="bbox 434 597 1114 668">
    <p class='ocr_par' dir='ltr' id='par_1_1' title="bbox 434 597 1114 668">
     <span class='ocr_line' id='line_1_1' title="bbox 434 597 1114 668; baseline 0.009 -6"><span class='ocrx_word' id='word_1_1' title='bbox 434 617 478 663; x_wconf 75' lang='lat' dir='ltr'>un</span> <span class='ocrx_word' id='word_1_2' title='bbox 502 615 626 664; x_wconf 74' lang='lat' dir='ltr'>saturn</span> <span class='ocrx_word' id='word_1_3' title='bbox 646 617 757 665; x_wconf 73' lang='lat' dir='ltr'>tinen</span> <span class='ocrx_word' id='word_1_4' title='bbox 1051 597 1114 668; x_wconf 79' lang='lat'>135</span> 
     </span>
    </p>
   </div>
   <div class='ocr_carea' id='block_1_2' title="bbox 66 851 1115 1026">
    <p class='ocr_par' dir='ltr' id='par_1_2' title="bbox 66 851 1115 1026">
     <span class='ocr_line' id='line_1_2' title="bbox 66 851 1115 928; baseline 0.003 -16"><span class='ocrx_word' id='word_1_5' title='bbox 66 865 190 928; x_wconf 82' lang='lat' dir='ltr'>reperta</span> <span class='ocrx_word' id='word_1_6' title='bbox 202 852 240 910; x_wconf 91' lang='lat' dir='ltr'>in</span> <span class='ocrx_word' id='word_1_7' title='bbox 253 869 324 911; x_wconf 90' lang='lat' dir='ltr'>arca</span> <span class='ocrx_word' id='word_1_8' title='bbox 338 867 507 911; x_wconf 83' lang='lat' dir='ltr'>marmorea</span> <span class='ocrx_word' id='word_1_9' title='bbox 522 863 552 910; x_wconf 92' lang='lat' dir='ltr'>et</span> <span class='ocrx_word' id='word_1_10' title='bbox 565 851 677 910; x_wconf 89' lang='lat' dir='ltr'>vexillo</span> <span class='ocrx_word' id='word_1_11' title='bbox 691 851 825 928; x_wconf 70' lang='lat' dir='ltr'>prefixa,</span> <span class='ocrx_word' id='word_1_12' title='bbox 839 853 998 912; x_wconf 85' lang='lat' dir='ltr'>innumera</span> <span class='ocrx_word' id='word_1_13' title='bbox 1015 853 1115 914; x_wconf 89' lang='lat' dir='ltr'>ethni·</span> 
     </span>
     <span class='ocr_line' id='line_1_3' title="bbox 66 949 788 1026; baseline 0 -16"><span class='ocrx_word' id='word_1_14' title='bbox 66 969 175 1010; x_wconf 87' lang='lat' dir='ltr'>corum</span> <span class='ocrx_word' id='word_1_15' title='bbox 190 953 235 1010; x_wconf 93' lang='lat' dir='ltr'>ad</span> <span class='ocrx_word' id='word_1_16' title='bbox 248 949 488 1010; x_wconf 83' lang='lat' dir='ltr'>internecionem</span> <span class='ocrx_word' id='word_1_17' title='bbox 501 949 667 1026; x_wconf 88' lang='lat' dir='ltr'>prostravit</span> <span class='ocrx_word' id='word_1_18' title='bbox 680 950 788 1010; x_wconf 89' lang='lat' dir='ltr'>millia.</span> 
     </span>
    </p>
   </div>
   <div class='ocr_carea' id='block_1_3' title="bbox 127 1073 1113 1234">
    <p class='ocr_par' dir='ltr' id='par_1_3' title="bbox 127 1073 1113 1234">
     <span class='ocr_line' id='line_1_4' title="bbox 162 1073 1113 1143; baseline -0.002 -13"><span class='ocrx_word' id='word_1_19' title='bbox 162 1077 202 1143; x_wconf 87' lang='lat' dir='ltr'>[T</span> <span class='ocrx_word' id='word_1_20' title='bbox 203 1075 326 1130; x_wconf 83' lang='lat' dir='ltr'>beofridi</span> <span class='ocrx_word' id='word_1_21' title='bbox 348 1073 561 1141; x_wconf 82' lang='lat' dir='ltr'>Epternacenaia</span> <span class='ocrx_word' id='word_1_22' title='bbox 575 1073 673 1126; x_wconf 80' lang='lat' dir='ltr'>Floret</span> <span class='ocrx_word' id='word_1_23' title='bbox 689 1073 821 1142; x_wconf 78' lang='lat' dir='ltr'><strong><em>epitaphii</em></strong></span> <span class='ocrx_word' id='word_1_24' title='bbox 829 1081 994 1143; x_wconf 80' lang='lat' dir='ltr'>sanctornm,</span> <span class='ocrx_word' id='word_1_25' title='bbox 1008 1075 1057 1130; x_wconf 82' lang='lat' dir='ltr'>tib.</span> <span class='ocrx_word' id='word_1_26' title='bbox 1067 1075 1113 1142; x_wconf 77' lang='grc' dir='ltr'>Ν,</span> 
     </span>
     <span class='ocr_line' id='line_1_5' title="bbox 127 1162 752 1234; baseline -0.003 -16"><span class='ocrx_word' id='word_1_27' title='bbox 127 1180 154 1218; x_wconf 84' lang='lat' dir='ltr'>c.</span> <span class='ocrx_word' id='word_1_28' title='bbox 167 1181 213 1232; x_wconf 86' lang='lat' dir='ltr'>nr,</span> <span class='ocrx_word' id='word_1_29' title='bbox 232 1165 498 1234; x_wconf 76' lang='lat' dir='ltr'>rp.1³atrot.tat.‚t.</span> <span class='ocrx_word' id='word_1_30' title='bbox 513 1163 620 1228; x_wconf 86' lang='lat' dir='ltr'>CLVII,</span> <span class='ocrx_word' id='word_1_31' title='bbox 630 1179 658 1230; x_wconf 89' lang='lat' dir='ltr'>p.</span> <span class='ocrx_word' id='word_1_32' title='bbox 675 1162 752 1234; x_wconf 63' lang='lat'><em>394]</em></span> 
     </span>
    </p>
   </div>
   <div class='ocr_carea' id='block_1_4' title="bbox 569 1357 617 1416">
    <p class='ocr_par' dir='ltr' id='par_1_4' title="bbox 569 1357 617 1416">
     <span class='ocr_line' id='line_1_6' title="bbox 569 1357 617 1416; baseline 0 0"><span class='ocrx_word' id='word_1_33' title='bbox 569 1357 617 1416; x_wconf 82' lang='lat' dir='ltr'>ab.</span> 
     </span>
    </p>
   </div>
   <div class='ocr_carea' id='block_1_5' title="bbox 559 1527 633 1583">
    <p class='ocr_par' dir='ltr' id='par_1_5' title="bbox 559 1527 633 1583">
     <span class='ocr_line' id='line_1_7' title="bbox 559 1527 633 1583; baseline -0.027 -13"><span class='ocrx_word' id='word_1_34' title='bbox 559 1527 633 1583; x_wconf 84' lang='lat'>¹4²0</span> 
     </span>
    </p>
   </div>
   <div class='ocr_carea' id='block_1_6' title="bbox 69 1636 1113 2111">
    <p class='ocr_par' dir='ltr' id='par_1_6' title="bbox 69 1636 1113 2111">
     <span class='ocr_line' id='line_1_8' title="bbox 101 1636 1113 1718; baseline -0.001 -20"><span class='ocrx_word' id='word_1_35' title='bbox 101 1639 324 1716; x_wconf 78' lang='lat' dir='ltr'>Sigismundus</span> <span class='ocrx_word' id='word_1_36' title='bbox 332 1639 413 1698; x_wconf 90' lang='lat' dir='ltr'>enim</span> <span class='ocrx_word' id='word_1_37' title='bbox 422 1640 590 1715; x_wconf 75' lang='lat' dir='ltr'>Imperator</span> <span class='ocrx_word' id='word_1_38' title='bbox 600 1636 797 1718; x_wconf 76' lang='lat' dir='ltr'>etBohemiae</span> <span class='ocrx_word' id='word_1_39' title='bbox 808 1653 869 1707; x_wconf 86' lang='lat' dir='ltr'>rex,</span> <span class='ocrx_word' id='word_1_40' title='bbox 879 1652 930 1694; x_wconf 83' lang='lat' dir='ltr'>aas</span> <span class='ocrx_word' id='word_1_41' title='bbox 941 1637 1113 1697; x_wconf 80' lang='lat' dir='ltr'>securitatis</span> 
     </span>
     <span class='ocr_line' id='line_1_9' title="bbox 69 1735 1113 1816; baseline -0.002 -20"><span class='ocrx_word' id='word_1_42' title='bbox 69 1739 166 1814; x_wconf 63' lang='lat' dir='ltr'>petia</span> <span class='ocrx_word' id='word_1_43' title='bbox 178 1738 415 1815; x_wconf 76' lang='lat' dir='ltr'>Normbergam,</span> <span class='ocrx_word' id='word_1_44' title='bbox 432 1739 548 1797; x_wconf 85' lang='lat' dir='ltr'>Urbem</span> <span class='ocrx_word' id='word_1_45' title='bbox 557 1749 630 1796; x_wconf 92' lang='lat' dir='ltr'>tunc</span> <span class='ocrx_word' id='word_1_46' title='bbox 643 1735 810 1794; x_wconf 77' lang='lat' dir='ltr'>Catholicae</span> <span class='ocrx_word' id='word_1_47' title='bbox 826 1735 994 1816; x_wconf 79' lang='lat' dir='ltr'>Religionis</span> <span class='ocrx_word' id='word_1_48' title='bbox 1007 1735 1113 1794; x_wconf 89' lang='lat' dir='ltr'>obser·</span> 
     </span>
     <span class='ocr_line' id='line_1_10' title="bbox 70 1833 1113 1912; baseline 0.002 -18"><span class='ocrx_word' id='word_1_49' title='bbox 70 1839 296 1912; x_wconf 75' lang='lat' dir='ltr'>ventissimam,</span> <span class='ocrx_word' id='word_1_50' title='bbox 314 1855 396 1896; x_wconf 88' lang='lat' dir='ltr'>anno</span> <span class='ocrx_word' id='word_1_51' title='bbox 423 1854 496 1908; x_wconf 84' lang='lat'><em>¹4²0</em></span> <span class='ocrx_word' id='word_1_52' title='bbox 515 1833 679 1907; x_wconf 77' lang='lat' dir='ltr'>transtulit,</span> <span class='ocrx_word' id='word_1_53' title='bbox 704 1846 733 1892; x_wconf 90' lang='lat' dir='ltr'>et</span> <span class='ocrx_word' id='word_1_54' title='bbox 754 1835 893 1910; x_wconf 89' lang='lat' dir='ltr'>pecuniis</span> <span class='ocrx_word' id='word_1_55' title='bbox 917 1835 950 1894; x_wconf 91' lang='lat' dir='ltr'>in</span> <span class='ocrx_word' id='word_1_56' title='bbox 974 1848 1113 1912; x_wconf 89' lang='lat' dir='ltr'>sumptus</span> 
     </span>
     <span class='ocr_line' id='line_1_11' title="bbox 71 1933 1112 2014; baseline -0.003 -17"><span class='ocrx_word' id='word_1_57' title='bbox 71 1937 243 2014; x_wconf 87' lang='lat' dir='ltr'>belli,quod</span> <span class='ocrx_word' id='word_1_58' title='bbox 262 1948 372 1995; x_wconf 88' lang='lat' dir='ltr'>contra</span> <span class='ocrx_word' id='word_1_59' title='bbox 386 1934 541 1992; x_wconf 86' lang='lat' dir='ltr'>Bohemos</span> <span class='ocrx_word' id='word_1_60' title='bbox 554 1934 681 2008; x_wconf 84' lang='lat' dir='ltr'>perabat</span> <span class='ocrx_word' id='word_1_61' title='bbox 702 1933 1112 2010; x_wconf 78' lang='lat' dir='ltr'>egens,Normbergensibus</span> 
     </span>
     <span class='ocr_line' id='line_1_12' title="bbox 70 2030 1026 2111; baseline -0.005 -17"><span class='ocrx_word' id='word_1_62' title='bbox 70 2054 122 2111; x_wconf 91' lang='lat' dir='ltr'>pro</span> <span class='ocrx_word' id='word_1_63' title='bbox 137 2038 178 2096; x_wconf 84' lang='lat' dir='ltr'>so</span> <span class='ocrx_word' id='word_1_64' title='bbox 191 2037 382 2096; x_wconf 85' lang='lat' dir='ltr'>florenorum</span> <span class='ocrx_word' id='word_1_65' title='bbox 392 2032 539 2105; x_wconf 88' lang='lat' dir='ltr'>millibus,</span> <span class='ocrx_word' id='word_1_66' title='bbox 552 2048 633 2090; x_wconf 87' lang='lat' dir='ltr'>anno</span> <span class='ocrx_word' id='word_1_67' title='bbox 648 2033 787 2108; x_wconf 82' lang='lat' dir='ltr'>sequenti</span> <span class='ocrx_word' id='word_1_68' title='bbox 803 2030 1026 2110; x_wconf 80' lang='lat' dir='ltr'>oppignoravit.</span> 
     </span>
    </p>
   </div>
   <div class='ocr_carea' id='block_1_7' title="bbox 129 2157 1110 2317">
    <p class='ocr_par' dir='ltr' id='par_1_7' title="bbox 129 2157 1110 2317">
     <span class='ocr_line' id='line_1_13' title="bbox 162 2157 1110 2229; baseline -0.004 -13"><span class='ocrx_word' id='word_1_69' title='bbox 162 2162 291 2229; x_wconf 79' lang='lat' dir='ltr'>[Passim</span> <span class='ocrx_word' id='word_1_70' title='bbox 301 2161 335 2212; x_wconf 87' lang='lat' dir='ltr'>de</span> <span class='ocrx_word' id='word_1_71' title='bbox 348 2158 509 2212; x_wconf 84' lang='lat' dir='ltr'>Caeeborod</span> <span class='ocrx_word' id='word_1_72' title='bbox 522 2157 634 2224; x_wconf 82' lang='lat' dir='ltr'>(T.·J.),</span> <span class='ocrx_word' id='word_1_73' title='bbox 643 2157 817 2226; x_wconf 73' lang='lat' dir='ltr'>Phosphorus</span> <span class='ocrx_word' id='word_1_74' title='bbox 827 2157 997 2226; x_wconf 82' lang='lat' dir='ltr'>septicornis,</span> <span class='ocrx_word' id='word_1_75' title='bbox 1006 2157 1110 2228; x_wconf 60' lang='lat' dir='ltr'>Prata,</span> 
     </span>
     <span class='ocr_line' id='line_1_14' title="bbox 129 2247 669 2317; baseline -0.009 -13"><span class='ocrx_word' id='word_1_76' title='bbox 129 2251 347 2314; x_wconf 83' lang='lat' dir='ltr'>Dobroslavina,</span> <span class='ocrx_word' id='word_1_77' title='bbox 363 2247 440 2317; x_wconf 84' lang='lat'>1673,</span> <span class='ocrx_word' id='word_1_78' title='bbox 456 2249 535 2314; x_wconf 87' lang='lat' dir='ltr'>in-4·,</span> <span class='ocrx_word' id='word_1_79' title='bbox 549 2263 578 2314; x_wconf 89' lang='lat' dir='ltr'>p.</span> <span class='ocrx_word' id='word_1_80' title='bbox 589 2247 669 2314; x_wconf 83' lang='lat'><strong>405.]</strong></span> 
     </span>
    </p>
   </div>
   <div class='ocr_carea' id='block_1_8' title="bbox 567 2467 615 2524">
    <p class='ocr_par' dir='ltr' id='par_1_8' title="bbox 567 2467 615 2524">
     <span class='ocr_line' id='line_1_15' title="bbox 567 2467 615 2524; baseline 0.042 -18"><span class='ocrx_word' id='word_1_81' title='bbox 567 2467 615 2524; x_wconf 81' lang='lat'>²7·</span> 
     </span>
    </p>
   </div>
   <div class='ocr_carea' id='block_1_9' title="bbox 121 2597 1056 2776">
    <p class='ocr_par' dir='ltr' id='par_1_9' title="bbox 121 2597 1056 2776">
     <span class='ocr_line' id='line_1_16' title="bbox 121 2597 1056 2679; baseline 0.005 -26"><span class='ocrx_word' id='word_1_82' title='bbox 121 2597 211 2656; x_wconf 86' lang='lat' dir='ltr'>Bulle</span> <span class='ocrx_word' id='word_1_83' title='bbox 224 2599 261 2657; x_wconf 87' lang='lat' dir='ltr'>de</span> <span class='ocrx_word' id='word_1_84' title='bbox 273 2599 392 2658; x_wconf 78' lang='lat' dir='ltr'>Mar-tin</span> <span class='ocrx_word' id='word_1_85' title='bbox 411 2599 614 2657; x_wconf 84' lang='lat' dir='ltr'>Vautorisant</span> <span class='ocrx_word' id='word_1_86' title='bbox 628 2597 657 2656; x_wconf 86' lang='lat' dir='ltr'>la</span> <span class='ocrx_word' id='word_1_87' title='bbox 670 2597 847 2658; x_wconf 77' lang='lat' dir='ltr'>translation</span> <span class='ocrx_word' id='word_1_88' title='bbox 862 2598 912 2657; x_wconf 86' lang='lat' dir='ltr'>des</span> <span class='ocrx_word' id='word_1_89' title='bbox 925 2597 1056 2679; x_wconf 78' lang='lat' dir='ltr'>insignes</span> 
     </span>
     <span class='ocr_line' id='line_1_17' title="bbox 218 2695 1001 2776; baseline 0 -22"><span class='ocrx_word' id='word_1_90' title='bbox 218 2697 255 2755; x_wconf 82' lang='lat' dir='ltr'>de</span> <span class='ocrx_word' id='word_1_91' title='bbox 268 2697 403 2774; x_wconf 85' lang='lat' dir='ltr'>l&#39;empire</span> <span class='ocrx_word' id='word_1_92' title='bbox 415 2697 451 2756; x_wconf 86' lang='lat' dir='ltr'>de</span> <span class='ocrx_word' id='word_1_93' title='bbox 464 2695 624 2756; x_wconf 76' lang='lat' dir='ltr'>notemeo</span> <span class='ocrx_word' id='word_1_94' title='bbox 638 2697 841 2776; x_wconf 77' lang='lat' dir='ltr'>Nuremberg.</span> <span class='ocrx_word' id='word_1_95' title='bbox 856 2728 892 2741; x_wconf 92' lang='lat'>-</span> <span class='ocrx_word' id='word_1_96' title='bbox 906 2708 1001 2766; x_wconf 80' lang='lat'><em>1424.</em></span> 
     </span>
    </p>
   </div>
   <div class='ocr_carea' id='block_1_10' title="bbox 73 2821 1109 3884">
    <p class='ocr_par' dir='ltr' id='par_1_10' title="bbox 73 2821 1109 3884">
     <span class='ocr_line' id='line_1_18' title="bbox 102 2821 1109 2900; baseline 0.002 -20"><span class='ocrx_word' id='word_1_97' title='bbox 102 2821 150 2880; x_wconf 84' lang='lat' dir='ltr'>Ad</span> <span class='ocrx_word' id='word_1_98' title='bbox 163 2835 344 2900; x_wconf 88' lang='lat' dir='ltr'>perpetuam</span> <span class='ocrx_word' id='word_1_99' title='bbox 358 2823 401 2881; x_wconf 90' lang='lat' dir='ltr'>rei</span> <span class='ocrx_word' id='word_1_100' title='bbox 416 2823 604 2882; x_wconf 85' lang='lat' dir='ltr'>memoriam.</span> <span class='ocrx_word' id='word_1_101' title='bbox 613 2823 879 2894; x_wconf 77' lang='lat' dir='ltr'>Quemadmodum</span> <span class='ocrx_word' id='word_1_102' title='bbox 889 2822 1006 2900; x_wconf 76' lang='lat' dir='ltr'>magnis</span> <span class='ocrx_word' id='word_1_103' title='bbox 1015 2822 1109 2882; x_wconf 89' lang='lat' dir='ltr'>debe-</span> 
     </span>
     <span class='ocr_line' id='line_1_19' title="bbox 74 2920 1108 2998; baseline 0.002 -22"><span class='ocrx_word' id='word_1_104' title='bbox 74 2936 137 2978; x_wconf 88' lang='lat' dir='ltr'>mus</span> <span class='ocrx_word' id='word_1_105' title='bbox 150 2920 307 2992; x_wconf 86' lang='lat' dir='ltr'>laudibus,</span> <span class='ocrx_word' id='word_1_106' title='bbox 322 2921 501 2996; x_wconf 80' lang='lat' dir='ltr'>magnisque</span> <span class='ocrx_word' id='word_1_107' title='bbox 515 2921 730 2980; x_wconf 86' lang='lat' dir='ltr'>commendare</span> <span class='ocrx_word' id='word_1_108' title='bbox 744 2920 918 2997; x_wconf 71' lang='lat' dir='ltr'>praeconiis,</span> <span class='ocrx_word' id='word_1_109' title='bbox 932 2938 968 2978; x_wconf 87' lang='lat' dir='ltr'>ea</span> <span class='ocrx_word' id='word_1_110' title='bbox 982 2937 1108 2998; x_wconf 80' lang='lat' dir='ltr'>magno-</span> 
     </span>
     <span class='ocr_line' id='line_1_20' title="bbox 74 3017 1109 3096; baseline 0 -20"><span class='ocrx_word' id='word_1_111' title='bbox 74 3035 137 3076; x_wconf 90' lang='lat' dir='ltr'>rum</span> <span class='ocrx_word' id='word_1_112' title='bbox 158 3017 335 3096; x_wconf 85' lang='lat' dir='ltr'>principum</span> <span class='ocrx_word' id='word_1_113' title='bbox 358 3030 430 3076; x_wconf 91' lang='lat' dir='ltr'>vota</span> <span class='ocrx_word' id='word_1_114' title='bbox 449 3035 517 3093; x_wconf 74' lang='lat' dir='ltr'>qua</span> <span class='ocrx_word' id='word_1_115' title='bbox 535 3017 568 3075; x_wconf 94' lang='lat' dir='ltr'>in</span> <span class='ocrx_word' id='word_1_116' title='bbox 588 3017 682 3078; x_wconf 91' lang='lat' dir='ltr'>divini</span> <span class='ocrx_word' id='word_1_117' title='bbox 702 3017 836 3076; x_wconf 88' lang='lat' dir='ltr'>nominis</span> <span class='ocrx_word' id='word_1_118' title='bbox 855 3033 991 3076; x_wconf 90' lang='lat' dir='ltr'>amorem</span> <span class='ocrx_word' id='word_1_119' title='bbox 1009 3017 1109 3076; x_wconf 85' lang='lat' dir='ltr'>ierun-</span> 
     </span>
     <span class='ocr_line' id='line_1_21' title="bbox 73 3115 1109 3193; baseline 0.004 -21"><span class='ocrx_word' id='word_1_120' title='bbox 73 3127 128 3188; x_wconf 89' lang='lat' dir='ltr'>tur,</span> <span class='ocrx_word' id='word_1_121' title='bbox 149 3130 180 3178; x_wconf 86' lang='lat' dir='ltr'>et</span> <span class='ocrx_word' id='word_1_122' title='bbox 202 3132 297 3193; x_wconf 87' lang='lat' dir='ltr'>opere</span> <span class='ocrx_word' id='word_1_123' title='bbox 324 3115 522 3191; x_wconf 89' lang='lat' dir='ltr'>postmodum</span> <span class='ocrx_word' id='word_1_124' title='bbox 550 3128 695 3192; x_wconf 86' lang='lat' dir='ltr'>sequente</span> <span class='ocrx_word' id='word_1_125' title='bbox 717 3127 834 3176; x_wconf 88' lang='lat' dir='ltr'>certum</span> <span class='ocrx_word' id='word_1_126' title='bbox 857 3116 1051 3176; x_wconf 86' lang='lat' dir='ltr'>deducuntur</span> <span class='ocrx_word' id='word_1_127' title='bbox 1076 3115 1109 3176; x_wconf 93' lang='lat' dir='ltr'>in</span> 
     </span>
     <span class='ocr_line' id='line_1_22' title="bbox 73 3213 1107 3292; baseline 0.001 -22"><span class='ocrx_word' id='word_1_128' title='bbox 73 3227 180 3290; x_wconf 89' lang='lat' dir='ltr'>actum,</span> <span class='ocrx_word' id='word_1_129' title='bbox 195 3215 238 3276; x_wconf 87' lang='lat' dir='ltr'>ita</span> <span class='ocrx_word' id='word_1_130' title='bbox 258 3231 382 3292; x_wconf 89' lang='lat' dir='ltr'>quoque</span> <span class='ocrx_word' id='word_1_131' title='bbox 396 3231 498 3290; x_wconf 75' lang='lat' dir='ltr'>opera</span> <span class='ocrx_word' id='word_1_132' title='bbox 521 3215 652 3290; x_wconf 89' lang='lat' dir='ltr'>pretium</span> <span class='ocrx_word' id='word_1_133' title='bbox 666 3227 712 3274; x_wconf 89' lang='lat' dir='ltr'>eat</span> <span class='ocrx_word' id='word_1_134' title='bbox 730 3213 886 3292; x_wconf 70' lang='lat' dir='ltr'>preclaris</span> <span class='ocrx_word' id='word_1_135' title='bbox 910 3227 1001 3290; x_wconf 88' lang='lat' dir='ltr'>atquc</span> <span class='ocrx_word' id='word_1_136' title='bbox 1025 3214 1107 3274; x_wconf 87' lang='lat' dir='ltr'>salu-</span> 
     </span>
     <span class='ocr_line' id='line_1_23' title="bbox 74 3313 1107 3392; baseline 0.002 -22"><span class='ocrx_word' id='word_1_137' title='bbox 74 3315 184 3376; x_wconf 85' lang='lat' dir='ltr'>taribus</span> <span class='ocrx_word' id='word_1_138' title='bbox 197 3314 323 3374; x_wconf 91' lang='lat' dir='ltr'>iliorum</span> <span class='ocrx_word' id='word_1_139' title='bbox 337 3313 509 3373; x_wconf 88' lang='lat' dir='ltr'>devotionis</span> <span class='ocrx_word' id='word_1_140' title='bbox 529 3327 559 3374; x_wconf 89' lang='lat' dir='ltr'>et</span> <span class='ocrx_word' id='word_1_141' title='bbox 577 3314 648 3374; x_wconf 83' lang='lat' dir='ltr'>fidei</span> <span class='ocrx_word' id='word_1_142' title='bbox 662 3315 807 3391; x_wconf 82' lang='lat' dir='ltr'>gratulari</span> <span class='ocrx_word' id='word_1_143' title='bbox 822 3315 979 3392; x_wconf 87' lang='lat' dir='ltr'>operibus,</span> <span class='ocrx_word' id='word_1_144' title='bbox 994 3313 1107 3390; x_wconf 90' lang='lat' dir='ltr'>quibus</span> 
     </span>
     <span class='ocr_line' id='line_1_24' title="bbox 74 3413 1107 3489; baseline -0.001 -17"><span class='ocrx_word' id='word_1_145' title='bbox 74 3415 237 3484; x_wconf 72' lang='lat' dir='ltr'>presertim</span> <span class='ocrx_word' id='word_1_146' title='bbox 250 3414 307 3474; x_wconf 88' lang='lat' dir='ltr'>Dei</span> <span class='ocrx_word' id='word_1_147' title='bbox 322 3413 477 3474; x_wconf 79' lang='lat' dir='ltr'>laetificare</span> <span class='ocrx_word' id='word_1_148' title='bbox 492 3415 614 3476; x_wconf 79' lang='lat' dir='ltr'>student</span> <span class='ocrx_word' id='word_1_149' title='bbox 627 3415 804 3488; x_wconf 86' lang='lat' dir='ltr'>Ecclesiam,</span> <span class='ocrx_word' id='word_1_150' title='bbox 816 3427 845 3476; x_wconf 93' lang='lat' dir='ltr'>et</span> <span class='ocrx_word' id='word_1_151' title='bbox 858 3415 948 3475; x_wconf 88' lang='lat' dir='ltr'>saluti</span> <span class='ocrx_word' id='word_1_152' title='bbox 962 3413 1107 3489; x_wconf 88' lang='lat' dir='ltr'>tranquil·</span> 
     </span>
     <span class='ocr_line' id='line_1_25' title="bbox 75 3505 1104 3591; baseline 0.008 -25"><span class='ocrx_word' id='word_1_153' title='bbox 75 3505 206 3589; x_wconf 88' lang='lat' dir='ltr'>litatique</span> <span class='ocrx_word' id='word_1_154' title='bbox 221 3513 416 3572; x_wconf 89' lang='lat' dir='ltr'>subditorum</span> <span class='ocrx_word' id='word_1_155' title='bbox 430 3512 490 3572; x_wconf 92' lang='lat' dir='ltr'>sibi</span> <span class='ocrx_word' id='word_1_156' title='bbox 508 3513 702 3574; x_wconf 72' lang='lat' dir='ltr'>laudabiliter</span> <span class='ocrx_word' id='word_1_157' title='bbox 714 3513 890 3590; x_wconf 86' lang='lat' dir='ltr'>prospicere</span> <span class='ocrx_word' id='word_1_158' title='bbox 908 3517 1104 3591; x_wconf 91' lang='lat' dir='ltr'>populorum.</span> 
     </span>
     <span class='ocr_line' id='line_1_26' title="bbox 76 3605 1106 3690; baseline 0.008 -26"><span class='ocrx_word' id='word_1_159' title='bbox 76 3605 116 3664; x_wconf 81' lang='lat' dir='ltr'>Ea</span> <span class='ocrx_word' id='word_1_160' title='bbox 128 3611 238 3671; x_wconf 79' lang='lat' dir='ltr'>devota</span> <span class='ocrx_word' id='word_1_161' title='bbox 260 3610 412 3686; x_wconf 87' lang='lat' dir='ltr'>siquidem</span> <span class='ocrx_word' id='word_1_162' title='bbox 434 3610 605 3670; x_wconf 87' lang='lat' dir='ltr'>charissimi</span> <span class='ocrx_word' id='word_1_163' title='bbox 620 3612 652 3670; x_wconf 91' lang='lat' dir='ltr'>iu</span> <span class='ocrx_word' id='word_1_164' title='bbox 668 3611 791 3670; x_wconf 86' lang='lat' dir='ltr'>Christo</span> <span class='ocrx_word' id='word_1_165' title='bbox 814 3611 870 3671; x_wconf 88' lang='lat' dir='ltr'>filii</span> <span class='ocrx_word' id='word_1_166' title='bbox 889 3614 987 3672; x_wconf 90' lang='lat' dir='ltr'>nostri</span> <span class='ocrx_word' id='word_1_167' title='bbox 1009 3615 1106 3690; x_wconf 81' lang='lat' dir='ltr'>Sigis-</span> 
     </span>
     <span class='ocr_line' id='line_1_27' title="bbox 75 3707 1105 3786; baseline 0.011 -26"><span class='ocrx_word' id='word_1_168' title='bbox 75 3707 172 3766; x_wconf 87' lang='lat' dir='ltr'>mundi</span> <span class='ocrx_word' id='word_1_169' title='bbox 191 3708 401 3768; x_wconf 86' lang='lat' dir='ltr'>Romanorum</span> <span class='ocrx_word' id='word_1_170' title='bbox 420 3719 450 3767; x_wconf 87' lang='lat' dir='ltr'>et</span> <span class='ocrx_word' id='word_1_171' title='bbox 474 3707 617 3786; x_wconf 81' lang='lat' dir='ltr'>Ungaria</span> <span class='ocrx_word' id='word_1_172' title='bbox 636 3709 716 3785; x_wconf 76' lang='lat' dir='ltr'>regis</span> <span class='ocrx_word' id='word_1_173' title='bbox 739 3709 865 3768; x_wconf 89' lang='lat' dir='ltr'>illustris</span> <span class='ocrx_word' id='word_1_174' title='bbox 886 3710 1105 3784; x_wconf 77' lang='lat' dir='ltr'>insinuatione,</span> 
     </span>
     <span class='ocr_line' id='line_1_28' title="bbox 76 3803 1103 3884; baseline 0.013 -27"><span class='ocrx_word' id='word_1_175' title='bbox 76 3803 156 3864; x_wconf 92' lang='lat' dir='ltr'>nobis</span> <span class='ocrx_word' id='word_1_176' title='bbox 169 3823 269 3883; x_wconf 86' lang='lat' dir='ltr'>nuper</span> <span class='ocrx_word' id='word_1_177' title='bbox 281 3805 425 3880; x_wconf 88' lang='lat' dir='ltr'>innotuit,</span> <span class='ocrx_word' id='word_1_178' title='bbox 439 3807 523 3882; x_wconf 92' lang='lat' dir='ltr'>quod</span> <span class='ocrx_word' id='word_1_179' title='bbox 536 3823 607 3866; x_wconf 90' lang='lat' dir='ltr'>cum</span> <span class='ocrx_word' id='word_1_180' title='bbox 630 3824 739 3884; x_wconf 78' lang='lat' dir='ltr'>magna</span> <span class='ocrx_word' id='word_1_181' title='bbox 759 3824 829 3883; x_wconf 86' lang='lat' dir='ltr'>pars</span> <span class='ocrx_word' id='word_1_182' title='bbox 844 3807 971 3868; x_wconf 80' lang='lat' dir='ltr'>vivificae</span> <span class='ocrx_word' id='word_1_183' title='bbox 986 3810 1103 3880; x_wconf 88' lang='lat' dir='ltr'>Crucis,</span> 
     </span>
    </p>
   </div>
   <div class='ocr_carea' id='block_1_11' title="bbox 75 3896 1107 4478">
    <p class='ocr_par' dir='ltr' id='par_1_11' title="bbox 75 3896 1107 4478">
     <span class='ocr_line' id='line_1_29' title="bbox 75 3896 1107 3986; baseline 0.007 -24"><span class='ocrx_word' id='word_1_184' title='bbox 75 3896 172 3977; x_wconf 81' lang='lat' dir='ltr'>inqua</span> <span class='ocrx_word' id='word_1_185' title='bbox 194 3905 337 3968; x_wconf 87' lang='lat' dir='ltr'>Salvator</span> <span class='ocrx_word' id='word_1_186' title='bbox 357 3921 461 3968; x_wconf 86' lang='lat' dir='ltr'>noster</span> <span class='ocrx_word' id='word_1_187' title='bbox 481 3909 567 3968; x_wconf 87' lang='lat' dir='ltr'>Iesus</span> <span class='ocrx_word' id='word_1_188' title='bbox 588 3908 738 3982; x_wconf 89' lang='lat' dir='ltr'>Christus,</span> <span class='ocrx_word' id='word_1_189' title='bbox 761 3925 818 3984; x_wconf 90' lang='lat' dir='ltr'>pro</span> <span class='ocrx_word' id='word_1_190' title='bbox 840 3908 960 3986; x_wconf 79' lang='lat' dir='ltr'>generis</span> <span class='ocrx_word' id='word_1_191' title='bbox 981 3909 1107 3969; x_wconf 88' lang='lat' dir='ltr'>humani</span> 
     </span>
     <span class='ocr_line' id='line_1_30' title="bbox 75 4003 1106 4084; baseline 0.006 -24"><span class='ocrx_word' id='word_1_192' title='bbox 75 4003 162 4067; x_wconf 76' lang='lat' dir='ltr'>saure</span> <span class='ocrx_word' id='word_1_193' title='bbox 183 4007 318 4084; x_wconf 86' lang='lat' dir='ltr'>pendere</span> <span class='ocrx_word' id='word_1_194' title='bbox 345 4005 453 4082; x_wconf 89' lang='lat' dir='ltr'>voluit,</span> <span class='ocrx_word' id='word_1_195' title='bbox 469 4007 589 4066; x_wconf 79' lang='lat' dir='ltr'>Lancea</span> <span class='ocrx_word' id='word_1_196' title='bbox 612 4023 736 4082; x_wconf 89' lang='lat' dir='ltr'>quoque</span> <span class='ocrx_word' id='word_1_197' title='bbox 754 4023 814 4082; x_wconf 87' lang='lat' dir='ltr'>qua</span> <span class='ocrx_word' id='word_1_198' title='bbox 837 4006 917 4068; x_wconf 84' lang='lat' dir='ltr'>latus</span> <span class='ocrx_word' id='word_1_199' title='bbox 937 4007 1003 4084; x_wconf 84' lang='lat' dir='ltr'>ejus</span> <span class='ocrx_word' id='word_1_200' title='bbox 1019 4007 1106 4068; x_wconf 89' lang='lat' dir='ltr'>miles</span> 
     </span>
     <span class='ocr_line' id='line_1_31' title="bbox 76 4102 1106 4183; baseline -0.004 -17"><span class='ocrx_word' id='word_1_201' title='bbox 76 4107 196 4183; x_wconf 71' lang='lat' dir='ltr'>tpemit,</span> <span class='ocrx_word' id='word_1_202' title='bbox 212 4102 324 4162; x_wconf 85' lang='lat' dir='ltr'>Clavus</span> <span class='ocrx_word' id='word_1_203' title='bbox 345 4121 436 4178; x_wconf 92' lang='lat' dir='ltr'>unus,</span> <span class='ocrx_word' id='word_1_204' title='bbox 459 4121 520 4180; x_wconf 92' lang='lat' dir='ltr'>quo</span> <span class='ocrx_word' id='word_1_205' title='bbox 539 4121 648 4164; x_wconf 86' lang='lat' dir='ltr'>manus</span> <span class='ocrx_word' id='word_1_206' title='bbox 664 4103 760 4181; x_wconf 88' lang='lat' dir='ltr'>ipsius</span> <span class='ocrx_word' id='word_1_207' title='bbox 784 4105 882 4164; x_wconf 86' lang='lat' dir='ltr'>eidem</span> <span class='ocrx_word' id='word_1_208' title='bbox 906 4105 997 4164; x_wconf 91' lang='lat' dir='ltr'>Cruci</span> <span class='ocrx_word' id='word_1_209' title='bbox 1017 4103 1106 4164; x_wconf 87' lang='lat' dir='ltr'>affixa</span> 
     </span>
     <span class='ocr_line' id='line_1_32' title="bbox 77 4201 1105 4280; baseline 0.002 -20"><span class='ocrx_word' id='word_1_210' title='bbox 77 4202 175 4279; x_wconf 77' lang='lat' dir='ltr'>estitit,</span> <span class='ocrx_word' id='word_1_211' title='bbox 187 4201 338 4280; x_wconf 89' lang='lat' dir='ltr'>particula</span> <span class='ocrx_word' id='word_1_212' title='bbox 354 4201 514 4280; x_wconf 83' lang='lat' dir='ltr'>Praesepis,</span> <span class='ocrx_word' id='word_1_213' title='bbox 525 4203 557 4261; x_wconf 92' lang='lat' dir='ltr'>in</span> <span class='ocrx_word' id='word_1_214' title='bbox 570 4220 632 4278; x_wconf 92' lang='lat' dir='ltr'>quo</span> <span class='ocrx_word' id='word_1_215' title='bbox 647 4203 787 4264; x_wconf 78' lang='lat' dir='ltr'>Salvator</span> <span class='ocrx_word' id='word_1_216' title='bbox 798 4203 863 4279; x_wconf 89' lang='lat' dir='ltr'>ipse</span> <span class='ocrx_word' id='word_1_217' title='bbox 873 4215 973 4278; x_wconf 88' lang='lat' dir='ltr'>natus,</span> <span class='ocrx_word' id='word_1_218' title='bbox 985 4202 1105 4279; x_wconf 86' lang='lat' dir='ltr'>positus</span> 
     </span>
     <span class='ocr_line' id='line_1_33' title="bbox 76 4293 1103 4378; baseline 0.006 -24"><span class='ocrx_word' id='word_1_219' title='bbox 76 4293 174 4376; x_wconf 75' lang='lat' dir='ltr'>beret,</span> <span class='ocrx_word' id='word_1_220' title='bbox 191 4301 355 4361; x_wconf 86' lang='lat' dir='ltr'>Brachium</span> <span class='ocrx_word' id='word_1_221' title='bbox 369 4312 482 4362; x_wconf 82' lang='lat' dir='ltr'>sancta</span> <span class='ocrx_word' id='word_1_222' title='bbox 493 4301 591 4360; x_wconf 82' lang='lat' dir='ltr'>Annae</span> <span class='ocrx_word' id='word_1_223' title='bbox 606 4313 636 4360; x_wconf 88' lang='lat' dir='ltr'>et</span> <span class='ocrx_word' id='word_1_224' title='bbox 652 4299 809 4377; x_wconf 83' lang='lat' dir='ltr'>particular</span> <span class='ocrx_word' id='word_1_225' title='bbox 826 4301 966 4378; x_wconf 78' lang='lat' dir='ltr'>quadam</span> <span class='ocrx_word' id='word_1_226' title='bbox 980 4313 1103 4360; x_wconf 87' lang='lat' dir='ltr'>catena·</span> 
     </span>
     <span class='ocr_line' id='line_1_34' title="bbox 78 4399 1101 4478; baseline -0.002 -18"><span class='ocrx_word' id='word_1_227' title='bbox 78 4411 134 4460; x_wconf 71' lang='lat' dir='ltr'>tum</span> <span class='ocrx_word' id='word_1_228' title='bbox 147 4413 325 4462; x_wconf 85' lang='lat' dir='ltr'>sanctorum</span> <span class='ocrx_word' id='word_1_229' title='bbox 341 4399 424 4460; x_wconf 86' lang='lat' dir='ltr'>Petri</span> <span class='ocrx_word' id='word_1_230' title='bbox 447 4413 478 4460; x_wconf 89' lang='lat' dir='ltr'>et</span> <span class='ocrx_word' id='word_1_231' title='bbox 493 4399 593 4474; x_wconf 88' lang='lat' dir='ltr'>Pauli,</span> <span class='ocrx_word' id='word_1_232' title='bbox 608 4411 699 4478; x_wconf 89' lang='lat' dir='ltr'>atque</span> <span class='ocrx_word' id='word_1_233' title='bbox 720 4401 848 4464; x_wconf 89' lang='lat' dir='ltr'>loannis</span> <span class='ocrx_word' id='word_1_234' title='bbox 870 4399 1101 4478; x_wconf 86' lang='lat' dir='ltr'>Apostolorum,</span> 
     </span>
    </p>
   </div>
   <div class='ocr_carea' id='block_1_12' title="bbox 0 0 1576 5514">
    <p class='ocr_par' dir='ltr' id='par_1_12' title="bbox 0 0 1576 5514">
     <span class='ocr_line' id='line_1_35' title="bbox 0 0 1576 5514; baseline 0 0"><span class='ocrx_word' id='word_1_235' title='bbox 0 0 1576 5514; x_wconf 95' lang='lat' dir='ltr'> </span> 
     </span>
    </p>
   </div>
  </div>
 </body>
</html>
