3130 5514
594 601 657 674 136
776 621 887 670 noras
911 620 953 670 ar
977 607 1106 670 drunns
1130 607 1449 682 nscudosoorouas

586 744 675 760 μ-

586 860 705 922 Tunice
719 859 815 920 tancti
837 859 964 918 loannis
983 857 1186 936 evangeliste,
1209 859 1286 918 deus
1303 877 1396 918 unus
1414 863 1449 920 be

589 957 744 1036 Baptittte,
758 957 884 1018 Gladius
898 955 994 1018 sancti
1017 955 1163 1030 Mauritii,
1177 975 1233 1016 nec
1248 975 1313 1016 non
1327 959 1449 1018 Gladio

588 1055 691 1116 Cetoli
710 1057 913 1134 imperatoris,
928 1056 956 1116 ei
980 1055 1127 1132 angelica,
1142 1069 1177 1115 ut
1195 1057 1322 1128 dicitur,
1349 1077 1449 1116 manu

587 1170 701 1216 corona
715 1171 849 1232 quoque,
862 1171 981 1214 necnon
996 1165 1147 1230 sceptrum
1162 1167 1193 1213 et
1204 1171 1347 1231 pomum,
1362 1175 1403 1214 ac
1421 1159 1449 1214 si

588 1263 689 1312 ments
699 1251 856 1330 impertiit
868 1251 1003 1328 ejusdem
1016 1251 1168 1326 magnifici
1178 1251 1292 1322 Caroli,
1305 1253 1394 1312 intra
1405 1273 1449 1330 rep

588 1350 657 1410 mite
684 1351 895 1410 consisterent.
924 1349 988 1408 Rex
1010 1348 1075 1424 ipse
1098 1349 1298 1408 considerans
1325 1351 1449 1409 efferati

587 1449 789 1526 plurimorum
813 1447 904 1508 etiam
932 1445 1114 1524 potentium,
1137 1445 1210 1505 dicti
1237 1447 1334 1521 regni,
1361 1465 1449 1506 nunc

589 1547 756 1608 Cetholicre
771 1545 852 1616 fidei,
867 1543 1059 1622 prohdolor,
1075 1543 1273 1612 deviantium,
1289 1545 1322 1601 in
1339 1561 1449 1605 sancta

589 1641 712 1704 insitam
727 1643 906 1720 plerumque
921 1641 1035 1702 ibidem
1045 1643 1224 1712 debachari;
1235 1659 1449 1719 recensensqu

589 1741 672 1818 quod
695 1759 765 1802 cum
787 1757 1008 1818 nonnunquam
1034 1739 1181 1798 anteactis
1202 1741 1413 1814 temporibus,
1441 1761 1449 1798 r

590 1839 719 1914 insignis
742 1839 883 1916 ipseper
908 1839 1073 1898 nonnullos
1099 1851 1206 1896 contra
1229 1837 1392 1913 imperiale
1413 1841 1449 1896 be

589 1937 718 1996 detineri
734 1937 921 2016 contigisset,
937 1951 1053 2013 magne
1072 1953 1128 2012 pro
1140 1935 1264 1994 illorum
1280 1951 1449 2012 recuperat

590 2035 762 2110 tsblletque
793 2047 908 2112 strages
922 2047 952 2094 et
980 2033 1135 2110 sanguinis
1159 2033 1327 2092 effusiones
1352 2049 1449 2092 secun

590 2131 756 2208 volensque
785 2145 929 2210 tanquam
956 2131 1098 2209 princeps
1121 2131 1393 2207 prudentissimus,
1419 2133 1449 2190 in

590 2229 784 2306 particularis
805 2231 980 2306 praecaveri,
995 2247 1031 2288 ec
1045 2231 1083 2288 de
1101 2229 1213 2288 idoneo
1230 2231 1269 2288 ad
1282 2244 1449 2306 perpetuas

591 2345 658 2386 rum
683 2341 713 2386 et
736 2327 938 2406 insigniorum
960 2327 1178 2404 praedictorum
1198 2329 1372 2388 custodiam
1396 2329 1449 2386 hal

592 2423 750 2496 sollicitus,
770 2427 836 2500 ejus
860 2425 1011 2487 inanimo
1031 2427 1150 2486 cunctis
1170 2426 1380 2503 imperialibus
1403 2427 1449 2484 civ

591 2520 668 2580 locis
692 2521 868 2594 Alamaniae,
890 2537 919 2583 et
942 2525 1148 2602 prosperitati,
1174 2527 1332 2602 multoque
1356 2527 1395 2584 ad
1423 2527 1449 2584 il

592 2620 715 2692 reflexu,
730 2623 852 2682 tandem
872 2623 1079 2696 considerans,
1095 2625 1179 2700 quod
1200 2625 1378 2701 imperialis,
1392 2641 1426 2684 ut
1445 2649 1449 2682 t

592 2731 723 2792 utamur,
739 2719 845 2778 civitas
864 2721 1137 2798 Nurenbergensis,
1151 2723 1383 2798 Bambergensis
1394 2723 1449 2781 diu

592 2816 709 2876 caeteris
742 2816 862 2876 illarum
892 2817 1024 2894 partium
1052 2818 1261 2895 imperialibus
1294 2819 1449 2878 civitatibu

592 2927 682 2992 atque
693 2915 769 2974 locis
779 2929 899 2991 potens,
908 2916 1035 2994 insignis
1044 2931 1073 2976 et
1084 2918 1210 2990 famosa,
1222 2919 1449 2977 ecclesiasticos*

592 3013 707 3090 spicue,
728 3012 908 3073 Christianae
930 3013 1002 3074 fidei
1017 3015 1222 3074 devotissimis
1244 3016 1334 3074 etiam
1352 3017 1447 3074 utrius

592 3111 777 3172 zelatoribus
790 3113 985 3188 prepollens,
1001 3113 1033 3172 in
1047 3115 1187 3190 regendae
1203 3114 1245 3172 rei
1260 3115 1388 3190 publice
1400 3115 1449 3190 pol

593 3209 649 3268 lari
674 3211 836 3286 prudentia
854 3211 929 3286 juris
955 3225 1072 3284 ornata,
1092 3231 1128 3272 sc
1156 3213 1289 3273 Domino
1311 3213 1367 3290 ipsi
1387 3215 1447 3288 Reg

592 3321 678 3384 parte
690 3309 879 3370 commodior
893 3311 1045 3386 existeret,
1056 3312 1201 3388 reliquias
1215 3326 1245 3371 et
1254 3312 1380 3389 insignia
1390 3313 1449 3388 ipsa

592 3417 654 3466 tem
664 3407 792 3468 eandem
805 3425 876 3468 cunt
887 3408 990 3468 debita
1001 3411 1196 3470 veneratione
1210 3411 1399 3483 transferens,
1411 3429 1443 3470 ea

594 3503 650 3564 Dei
678 3505 799 3566 laudern
823 3519 853 3568 ct
876 3507 954 3566 sacri
980 3508 1122 3568 decorem
1147 3509 1268 3585 lmperii
1298 3511 1449 3586 reponendi

594 3615 685 3678 atque
705 3603 838 3664 decrevit
857 3617 1005 3681 perpetuo
1022 3607 1240 3665 conservanda.
1255 3608 1352 3677 Quare
1368 3626 1419 3682 pro
1437 3625 1449 3682 p

596 3701 686 3776 Regis
700 3701 790 3762 nobis
809 3701 865 3761 fuit
888 3701 1044 3762 humiliter
1067 3703 1278 3780 supplicatum,
1295 3717 1325 3764 ut
1342 3705 1449 3764 transla

595 3797 813 3872 repositionem
823 3800 997 3877 hujusmodi
1007 3813 1107 3876 grates
1118 3802 1241 3876 habere,
1251 3819 1368 3862 necnon
1379 3821 1449 3879 supe:

596 3893 635 3956 de
649 3909 760 3956 cetero
774 3898 923 3974 Reliquiae
938 3911 968 3958 et
981 3898 1112 3976 insignia
1124 3899 1188 3975 ipsa
1201 3901 1240 3960 ad
1251 3902 1370 3960 eandem
1387 3901 1449 3960 civit

596 3993 725 4066 valeant,
741 3994 899 4070 providere
914 3997 952 4056 de
966 3997 1152 4075 benignitate
1161 3999 1326 4073 apostolica
1343 4000 1449 4076 dignare

633 4091 698 4149 Nos
712 4090 804 4168 igitur
826 4103 887 4150 tarn
905 4093 991 4169 pium
1012 4107 1135 4170 tamque
1156 4095 1307 4154 laudabile
1322 4097 1400 4174 Regis
1415 4117 1449 4173 op

597 4201 684 4266 parte
701 4189 863 4264 plurimum
887 4193 1147 4264 commendantes,
1162 4193 1332 4268 hujusmodi
1348 4195 1449 4270 supplic

599 4286 746 4358 inclinati,
765 4287 994 4349 translationem
1014 4304 1044 4351 et
1065 4291 1281 4368 repositionem
1301 4293 1449 4369 praemissas

600 4397 700 4462 gratu
726 4385 884 4459 hebentes,
907 4401 937 4448 et
962 4389 1144 4450 auctoritete
1165 4389 1327 4466 apostoliea
1345 4391 1449 4450 confirm
