3130 5514
577 613 641 664 raa
761 607 871 660 ueras
894 607 937 658 m
959 591 1089 658 arnone
1111 588 1440 664 mellannomonns

571 871 587 904 ι
602 845 764 908 animavit.
780 845 921 921 Dumque
942 861 1010 904 eam
1033 843 1064 902 in
1087 841 1227 902 manibus
1247 839 1330 900 meis
1352 851 1440 899 tener

574 945 717 1006 emendo
731 961 794 1022 pre
813 940 936 1020 gaudio,
956 939 1018 998 disi
1033 937 1061 998 ei
1075 955 1082 996 :
1097 959 1110 994 e
1127 936 1268 1010 Domine,
1286 935 1313 994 si
1330 936 1383 996 vis
1405 953 1441 1012 p<

572 1043 769 1106 «etreddana
785 1038 929 1100 comitia
952 1037 990 1096 Et
1010 1035 1087 1094 dixit
1105 1034 1179 1094 mihi
1194 1051 1232 1092 :e
1253 1033 1331 1092 Sine
1358 1035 1439 1092 mod

573 1165 586 1198 ι
602 1153 648 1202 est
662 1141 743 1200 enirn
754 1151 789 1198 ut
800 1136 907 1196 civitas
919 1135 1066 1212 capiatur.
1084 1135 1123 1194 Et
1140 1145 1213 1192 tunc
1226 1133 1338 1192 venies
1359 1151 1438 1191 cum

573 1237 686 1312 «viria,
706 1249 736 1296 et
756 1253 876 1312 quaeres
895 1251 962 1293 eam
985 1231 1034 1290 hic
1053 1231 1134 1290 unde
1154 1249 1210 1308 ego
1234 1230 1390 1302 abstraxi,
1417 1247 1441 1288 er

573 1335 776 1396 «recondam.
799 1355 812 1388 ι
838 1333 877 1392 Et
900 1329 1069 1390 recondidit
1093 1345 1169 1388 eam.
1196 1328 1254 1386 His
1277 1329 1324 1388 ita
1350 1345 1441 1402 perat

572 1455 585 1488 ι
601 1450 723 1492 murum
743 1431 873 1492 civitatis
893 1429 1012 1490 reduxit
1029 1445 1078 1488 me
1100 1427 1133 1486 in
1151 1427 1277 1486 domum
1293 1445 1421 1500 meam3
1439 1455 1441 1478 ι

571 1541 801 1590 «recesserunt.
824 1529 911 1587 Tunc
934 1545 992 1604 ego
1015 1543 1132 1586 mecum
1158 1525 1350 1602 recogitans,
1377 1539 1410 1584 et
1431 1543 1441 1600 1

572 1651 586 1684 ι
601 1645 677 1688 mere
691 1627 829 1686 habiturn
844 1639 874 1686 et
887 1637 1018 1684 vestram
1033 1623 1286 1702 magnitudinem,
1297 1623 1441 1682 veritusa

571 1727 755 1787 «accedere.
780 1726 854 1784 Post
884 1723 961 1782 illud
989 1735 1120 1800 tempus,
1144 1741 1238 1798 quum
1260 1723 1427 1798 profectus

570 1823 755 1900 «quoddam
779 1833 923 1894 castrum,
943 1821 1028 1896 quod
1045 1831 1091 1880 est
1113 1821 1197 1896 juxta
1222 1819 1334 1878 Roiam
1354 1837 1441 1894 prop

571 1943 584 1974 ι
600 1921 692 1992 niam,
708 1919 806 1998 prima
817 1919 868 1978 die
882 1917 1130 1994 Quadragesimae
1149 1917 1181 1976 in
1194 1917 1266 1992 galli
1285 1929 1382 1976 cantu
1399 1919 1408 1945 ¹
1424 1935 1442 1976 a

570 2041 584 2074 ι
600 2019 708 2078 beatus
721 2019 859 2078 Andreas
874 2017 905 2076 in
919 2017 1029 2076 eodem
1050 2015 1167 2088 habitu,
1181 2029 1212 2075 et
1226 2033 1296 2074 curn
1311 2016 1427 2074 eodem

570 2115 683 2192 «prius
696 2127 831 2188 uenerat,
855 2125 885 2174 et
908 2131 1018 2190 magna
1040 2111 1162 2172 claritas
1189 2113 1317 2170 domurn
1344 2112 1442 2187 replet

570 2237 583 2268 ι
600 2215 706 2274 beatus
720 2215 858 2274 Andreas
869 2229 876 2270 ι
887 2232 902 2266 ι
912 2211 1028 2288 Vigiles
1038 2209 1115 2270 nale
1126 2209 1177 2270 Sic
1191 2209 1436 2286 expergefactus,

570 2333 583 2366 ι
600 2313 682 2384 Non,
698 2311 827 2370 Domine
846 2309 899 2382 mi,
914 2327 977 2368 non
997 2307 1128 2368 dormio.
1145 2329 1158 2363 e
1174 2307 1212 2366 Et
1235 2308 1277 2366 ait
1295 2307 1396 2366 mihi:
1412 2331 1426 2362 ι

570 2431 583 2464 ι
599 2427 668 2486 quae
682 2411 798 2469 dudum
812 2409 868 2468 tibi
880 2407 1168 2468 dicendamandavi.
1182 2429 1195 2462 ι
1208 2409 1247 2466 Et
1256 2407 1403 2482 respondi
1416 2425 1423 2464 ε
1438 2429 1442 2460 ι

570 2521 701 2564 «nonne
724 2522 781 2582 ego
801 2516 942 2582 precetur
964 2521 1032 2564 sum
1045 2521 1111 2576 vos,
1124 2515 1159 2562 ut
1180 2503 1274 2562 alium
1296 2503 1341 2562 eis
1360 2503 1442 2562 mitte

570 2603 680 2664 «enirn
699 2616 837 2664 metuens
857 2603 1029 2680 paupertati
1053 2621 1141 2675 mete,
1162 2604 1307 2662 accedere
1331 2615 1401 2660 ante
1421 2603 1442 2662 il

569 2724 583 2757 a
599 2700 697 2762 tavi.»
712 2703 751 2760 Et
768 2701 846 2760 dixit
858 2701 950 2760 mihis
963 2723 976 2756 a
988 2701 1097 2762 Nescis
1109 2717 1147 2758 ne
1160 2717 1214 2758 cur
1228 2700 1311 2760 Deus
1320 2701 1380 2758 huc
1395 2719 1442 2759 vot

569 2811 629 2860 «et
644 2811 791 2876 quantum
813 2817 869 2859 vos
892 2799 991 2875 diligit
1011 2811 1041 2858 et
1065 2799 1221 2874 quomodo
1241 2815 1296 2860 vos
1318 2797 1443 2872 praecipt

569 2919 582 2952 ι
600 2897 658 2956 Pro
672 2908 850 2971 contemptu
865 2895 913 2956 sui
927 2909 958 2956 et
972 2913 1097 2958 suorum
1108 2895 1252 2966 vindicta,
1265 2913 1320 2952 vos
1331 2895 1391 2954 huc
1405 2914 1443 2954 ve:

569 3017 582 3050 ι
599 2993 705 3070 Diligit
718 3013 773 3054 vos
785 2995 862 3054 adeo
876 3007 911 3054 ut
924 2994 1021 3054 sancti
1037 2993 1098 3070 iam
1118 2993 1151 3052 in
1172 2993 1276 3068 requie
1293 2993 1395 3068 positi,
1410 2995 1443 3052 di

569 3092 760 3170 «positionis
773 3093 900 3169 gratiam
925 3104 1162 3168 praenoscentes,
1184 3091 1216 3150 in
1235 3109 1324 3150 carne
1344 3109 1442 3150 essee

569 3203 661 3250 «tare
673 3191 832 3250 vobiscum
844 3191 966 3250 vellent.
983 3191 1083 3267 Elegit
1104 3209 1159 3250 vos
1181 3191 1263 3250 Deus
1276 3207 1313 3248 ex
1334 3191 1443 3248 omnibr

568 3289 665 3361 «bus,
681 3287 759 3348 sicut
781 3287 908 3348 triticeae
931 3287 1023 3362 spicae
1046 3287 1085 3347 da
1105 3287 1245 3348 avenaria
1263 3287 1441 3363 colliguntur

568 3387 713 3446 emeritis
739 3398 768 3446 et
787 3385 883 3462 gratia
905 3385 1079 3460 praeceditis
1102 3403 1209 3444 omnes
1231 3385 1284 3460 qui
1306 3399 1372 3444 ante
1394 3399 1443 3460 etj

567 3505 581 3539 ι
596 3484 719 3544 venient
732 3484 811 3544 sicut
828 3501 936 3542 aurum
951 3485 1050 3559 pretio
1062 3483 1209 3560 praecedit
1222 3495 1384 3560 argentum.
1399 3505 1412 3538 s
1431 3486 1443 3542 l

566 3581 812 3656 «discesserunt,
834 3596 864 3642 et
884 3599 932 3641 ma
955 3593 1040 3642 tanta
1072 3581 1221 3658 aegritudo
1245 3581 1396 3658 oppressit,
1419 3597 1443 3640 ut

566 3681 756 3740 «oculorum
773 3681 942 3756 perderem,
961 3693 992 3742 et
1016 3679 1249 3756 dispositionem
1269 3679 1434 3740 tenuissime

566 3777 665 3836 etatis
680 3796 755 3838 rneae
767 3779 909 3838 lacerem.
924 3779 1013 3838 Tunc
1034 3795 1090 3855 ego
1110 3777 1191 3854 coepi
1212 3795 1327 3838 mecum
1349 3778 1443 3854 cogitat

565 3895 579 3928 ι
595 3875 635 3934 ob
650 3875 864 3951 negligentiam
883 3875 1059 3953 apostolica
1074 3876 1229 3952 jussionis,
1244 3876 1307 3936 haec
1326 3877 1395 3952 juste
1417 3895 1443 3934 m

565 3996 579 4027 e
593 3973 754 4049 tingerent.
771 3975 970 4036 Consortatus
982 3977 1086 4052 itaque
1100 3977 1140 4036 ad
1153 3977 1340 4036 obsidionem
1353 3997 1441 4036 revers

564 4071 710 4130 «Rursus
742 4073 930 4147 paupertatis
961 4091 1038 4134 mere
1063 4075 1250 4136 debilitatem
1281 4075 1443 4152 recogitans,

563 4189 577 4224 a
593 4167 685 4244 caepi,
695 4167 721 4228 si
731 4169 771 4227 ad
781 4186 836 4230 ros
848 4169 992 4245 venirem,
1002 4171 1175 4234 famelicum
1185 4189 1235 4232 me
1244 4189 1308 4232 esse
1316 4185 1343 4232 et
1350 4189 1399 4248 pro
1411 4173 1443 4232 vi

596 4399 619 4436 ι.
632 4381 773 4438 rolerrier
789 4379 866 4454 1098.
