3130 5514
418 583 461 630 aa
485 580 608 630 strare
631 581 743 628 araca
1034 560 1095 628 155

72 842 190 901 quoque
205 822 368 884 beatissimi
384 819 527 894 martyris
542 815 684 876 Mauricii
694 827 724 874 et
738 815 843 874 lancea
858 813 961 874 Caroli
983 816 1097 892 Magni,

73 940 131 982 uon
145 924 226 1000 apud
238 923 371 980 Francos
381 917 481 994 exigui
496 915 596 993 pretii.

105 1021 223 1090 Quibus
235 1019 372 1080 donariis
387 1034 440 1076 rex
456 1013 636 1092 magnificus
656 1011 850 1071 Ethelstanus
867 1010 899 1068 in
918 1011 1099 1072 immensum

74 1119 233 1180 delectatur
245 1133 276 1179 et
289 1134 412 1178 sorores
425 1113 558 1191 praefatis
571 1111 761 1188 principibus
780 1110 941 1168 concessit.

162 1242 337 1310 [lngnlpbua
365 1239 493 1292 Historia
522 1235 684 1290 monasterii
706 1233 926 1304 Croylandettsis,
948 1251 992 1302 ap.
1012 1237 1101 1304 Perta,

128 1331 238 1400 δῶρα,
252 1341 272 1384 t·
288 1331 324 1396 Χ,
335 1345 363 1398 r·
377 1327 487 1396 4⁶⁰‚ni

565 1499 612 1558 36.

550 1641 636 1684 1000.

108 1747 196 1807 Dedit
222 1765 296 1824 ergo
324 1747 357 1806 iu
381 1747 497 1824 prefata
522 1747 727 1808 coronacione
756 1749 829 1808 Otto
854 1750 1018 1827 imperator
1042 1749 1104 1826 regi

79 1843 212 1904 Boleslao
232 1863 290 1922 pro
311 1845 452 1922 insigniis
474 1846 637 1922 regalibus,
662 1847 798 1906 lanceam
821 1847 902 1906 beati
917 1847 1058 1906 Mauricii
1076 1860 1106 1907 et

79 1957 169 2000 unum
193 1961 229 2002 ex
256 1943 359 2002 Clavia
383 1942 516 2018 Domini,
544 1943 671 2020 filioque
698 1945 763 2020 ejus
791 1946 942 2020 Mezconi,
970 1961 1106 2004 sororem

80 2057 161 2099 snam
175 2041 336 2116 despondit
351 2042 382 2100 in
396 2059 532 2102 uxorem.

114 2139 268 2198 boleslaus
283 2151 385 2197 autem
400 2157 452 2197 rex
465 2139 544 2198 inter
555 2139 686 2216 plurima
696 2139 879 2199 excellencia
888 2157 1025 2216 munera,
1036 2144 1105 2202 bre-

82 2235 180 2294 cbium
199 2236 295 2295 sancti
316 2236 474 2296 Adelberti
497 2237 603 2296 Cesari
626 2239 795 2298 clarissimo
817 2240 937 2314 obtulit,
954 2242 1035 2318 quod
1055 2242 1107 2300 ille

82 2351 169 2411 super
180 2334 281 2393 omnia
295 2333 378 2392 dona
391 2334 563 2410 gratissima
577 2335 755 2410 acceptavit.

171 2461 321 2527 [Mimanta
335 2460 426 2513 maeri
437 2459 581 2514 Adalberti
593 2461 733 2526 Martirrsst,
746 2477 791 2529 ap.
806 2457 894 2525 Perta,
907 2461 1020 2530 script,
1032 2472 1050 2516 t.
1064 2463 1110 2527 tv,

142 2564 170 2616 p.
182 2546 260 2614 ord]

576 2719 623 2796 37.

560 2863 647 2905 tooo.

120 2972 211 3046 Cujus
223 2969 429 3045 [Bolezlavus]
439 2969 568 3046 gloriam
588 2983 618 3029 et
628 2972 796 3046 potentiam
810 2983 840 3029 et
852 2969 973 3028 divitias
984 2970 1116 3046 impera-

87 3079 130 3125 tor
141 3069 295 3130 Romanus
305 3070 420 3145 [Otbou
430 3069 485 3143 iii]
500 3068 708 3142 considerans,
720 3067 900 3128 admirando
915 3067 991 3126 dixit
1006 3085 1014 3126 :
1031 3089 1044 3122 a
1060 3069 1118 3126 Per

88 3185 228 3228 coronam
248 3167 369 3245 imperii
383 3166 454 3239 mei,
475 3167 591 3239 majora
617 3179 688 3226 sunt
713 3184 781 3242 qum
803 3165 903 3240 video,
924 3181 1016 3239 quam
1038 3163 1119 3222 iama

87 3268 248 3343 percepi»;
277 3281 463 3340 suorumque
491 3265 632 3324 consultu
655 3277 830 3342 magnatum
850 3281 954 3324 coram
976 3263 1119 3324 omnibus

88 3367 194 3440 adjecit
217 3384 226 3423 a
252 3387 266 3420 ι
291 3365 362 3422 Non
382 3374 428 3421 est
454 3362 581 3438 dignum
601 3375 720 3423 tantum
741 3381 777 3422 ac
799 3361 898 3421 virum
918 3362 1021 3435 talem,
1043 3361 1121 3420 sicut

90 3481 178 3523 unum
192 3465 232 3522 de
251 3461 453 3538 principibus,
468 3461 577 3520 ducem
600 3475 652 3520 aut
672 3461 815 3521 comitem
836 3459 996 3532 nominari,
1013 3461 1067 3518 sed
1089 3459 1120 3518 iu

90 3565 184 3640 regaie
198 3563 311 3622 solium
323 3559 490 3636 glorianter
500 3559 675 3619 redimitum
686 3559 864 3636 dyademate
876 3559 1043 3620 sublimari.
1059 3581 1071 3614 a
1085 3555 1124 3618 Et

90 3655 240 3739 accipiens
263 3658 419 3735 imperiale
438 3658 587 3734 dyadema
610 3659 719 3735 capitis
737 3659 796 3732 sui,
810 3659 901 3736 capiti
918 3659 1071 3718 Bolezlavi
1090 3658 1122 3716 in

90 3760 228 3820 amicitiae
240 3759 341 3818 foedus
355 3759 512 3836 imposuit,
523 3773 553 3818 et
567 3779 623 3836 pro
635 3761 745 3818 vexillo
767 3760 943 3836 triumphali
959 3761 1086 3817 Clavum
1096 3757 1124 3817 ei

91 3859 125 3916 de
135 3859 235 3916 Cruce
251 3857 385 3931 Domini,
401 3859 584 3916 cumlancea
598 3858 696 3916 sancti
711 3857 851 3916 Mauricii
868 3858 950 3916 douo
963 3857 1054 3926 dedit,
1068 3875 1124 3932 pro

93 3957 201 4032 quibus
218 3953 263 4012 iiii
282 3955 461 4014 Bolezlavus
484 3955 580 4014 sancti
600 3953 757 4013 Adalberti
777 3955 934 4014 brachium
955 3953 1123 4014 redonavit.

183 4079 279 4148 [Galla
290 4077 412 4130 Kroaiirr'
422 4077 525 4145 Χίιςα,
542 4077 699 4132 Croaicaeet
707 4082 786 4144 gesta
796 4075 892 4129 dueum
904 4077 961 4129 rive
971 4076 1126 4144 principum

153 4169 333 4226 Polemonem,
349 4165 398 4218 lib.
426 4167 444 4217 t.
468 4167 483 4232 5
503 4165 531 4230 6,
554 4181 599 4234 ap.
625 4165 804 4218 Monameata
825 4165 948 4220 Porotta
972 4165 1127 4231 Historica,

153 4252 315 4322 t.l,pubiier
326 4269 376 4321 par
387 4255 456 4322 bug.
472 4255 780 4322 bielowskibemberg,
789 4269 843 4308 aut
858 4254 925 4307 freis
939 4255 974 4308 de
988 4254 1122 4318 l’editeur,

161 4343 238 4410 1864,
248 4345 329 4409 in-40,
342 4360 370 4410 p.
383 4347 455 4412 401.]
