3130 5514
426 643 472 694 ss
494 641 617 696 serm
638 641 751 694 tanen
1044 626 1106 698 105

83 881 189 958 populis
213 881 384 958 utriusque
412 898 512 955 sexus,
538 897 661 942 necnon
687 891 718 942 et
743 877 973 956 pontificalibus
994 881 1110 944 indutis

84 980 254 1040 diversarum
268 980 476 1040 ecclesiarum
486 979 671 1056 pastoribus,
684 977 809 1054 insuper
820 990 883 1038 turn
896 979 1110 1055 religiosorum

84 1096 162 1154 quam
175 1079 364 1138 clericorum
376 1077 569 1150 secularium,
582 1094 644 1136 non
654 1075 753 1136 solum
762 1077 801 1136 de
811 1076 932 1136 civitate
944 1077 1109 1138 Purisiensi

85 1181 129 1238 red
140 1192 167 1239 et
180 1180 217 1238 de
231 1177 451 1254 ediscentibus
463 1175 541 1236 locis
555 1173 853 1250 congregationibus,
864 1175 950 1234 adest
962 1175 1042 1235 inter
1054 1193 1108 1235 cos

83 1290 109 1336 et
119 1291 215 1337 noster
223 1277 330 1338 David
339 1293 396 1334 rex
405 1274 591 1347 Ludovicus,
603 1291 664 1332 non
672 1271 812 1349 precioso
822 1285 853 1332 et
864 1273 1016 1332 eminente
1029 1291 1109 1348 equo

84 1377 240 1451 subrectus,
252 1393 319 1435 nou
334 1372 471 1451 phaleris
484 1373 659 1444 adornatus,
670 1371 725 1430 sed
736 1371 830 1448 pedes
843 1371 987 1430 incedens
1001 1383 1032 1431 et
1045 1371 1109 1432 dis·

83 1473 203 1534 calciatis
224 1473 377 1550 pedibus,
400 1471 487 1548 quasi
512 1469 636 1530 archam
660 1469 784 1530 Domini
800 1469 832 1528 in
852 1468 1005 1528 civitatem
1022 1487 1110 1528 suam

85 1571 275 1638 Parisiensem
295 1589 372 1632 cum
385 1569 497 1648 gaudio
511 1585 582 1628 mos
600 1567 758 1628 ducturus.
771 1567 1031 1644 Congregatisque
1044 1585 1109 1626 om-

84 1668 161 1728 nibus
174 1671 183 1698 ¹
197 1671 237 1730 sd
260 1670 373 1730 locum
393 1667 529 1744 predicte
547 1665 715 1726 ostensioni
733 1677 883 1740 paratum,
904 1665 940 1724 lit
961 1665 1110 1726 exortatio

84 1767 289 1840 predicationis
309 1769 354 1826 ad
370 1765 527 1842 populum,
543 1764 650 1839 inqua
668 1763 801 1822 breviter
819 1775 1010 1822 ammonetur
1027 1781 1111 1822 com·

84 1861 232 1924 missorum
255 1865 371 1924 sordes
398 1863 554 1938 detergere
577 1871 774 1938 peccatorum
791 1872 823 1920 ct
844 1879 863 1920 a
885 1860 1110 1922 committendis

84 1974 230 2030 precavere
258 1961 292 2020 in
321 1971 490 2038 posterum,
519 1977 557 2020 ne
586 1962 671 2036 juxta
696 1959 909 2036 propheticum
938 1976 1110 2018 sermonem

86 2056 166 2116 adies
180 2057 248 2118 festi
263 2058 316 2118 sui
330 2071 548 2120 convertuntur
561 2059 593 2118 in
607 2059 724 2118 luctum
737 2057 747 2086 ¹
766 2079 791 2116 a.
808 2057 910 2116 Finita
923 2055 1027 2132 itaque
1040 2074 1109 2134 pre·

86 2153 233 2230 dirutione,
246 2155 476 2232 pretiosissima
498 2156 551 2214 illa
570 2155 733 2232 margarita
755 2167 790 2216 ut
805 2155 844 2212 ab
857 2155 999 2214 omnibus
1013 2154 1110 2216 videri

85 2251 352 2314 taleathonorifice
361 2271 417 2329 per
426 2253 486 2313 loci
496 2253 645 2312 ambitum
657 2251 878 2323 circumfertur,
888 2254 975 2329 cujus
984 2265 1111 2328 aspectu

86 2351 155 2410 oculi
167 2353 307 2412 omnium
317 2351 500 2412 mirabiliter
508 2352 707 2426 delectantur,
717 2368 754 2409 ac
767 2351 1005 2426 circumquaque
1017 2349 1111 2408 devo-

86 2445 165 2507 tionis
181 2450 294 2526 spiritu
309 2449 455 2510 concitati
470 2467 578 2508 manus
591 2449 624 2508 iu
638 2449 737 2508 celum
751 2448 948 2528 protendunt,
964 2459 994 2506 et
1007 2446 1110 2506 debita

86 2545 237 2618 mutinum
256 2548 366 2606 munia
377 2547 586 2624 persolventes
603 2563 661 2623 pro
674 2547 787 2606 collato
802 2545 861 2604 sibi
873 2545 981 2605 celitus
995 2544 1110 2605 benefi-

87 2641 136 2715 cio,
146 2644 312 2704 llominum
325 2644 521 2704 benedicunt.
529 2645 649 2717 Quibus
659 2643 702 2702 ita
713 2643 817 2720 gestis,
828 2643 979 2704 universis
988 2643 1112 2704 clerico-

88 2755 187 2802 mmac
200 2743 420 2819 religiosorum
433 2741 535 2802 choris
555 2741 790 2818 precedentibus
805 2760 841 2800 sc
855 2741 1008 2802 civitatem
1025 2741 1111 2800 Pari·

88 2837 205 2899 aiensem
231 2858 306 2900 cum
330 2853 422 2900 centu
445 2853 475 2900 et
496 2839 639 2916 hympnis
662 2839 913 2916 ingredientibus,
938 2857 1058 2899 necnon
1082 2849 1112 2897 et

88 2936 184 2994 ceteris
204 2949 269 2997 tem
287 2936 447 2998 nobilibus
470 2955 563 3012 quem
585 2937 654 2996 aliis
677 2939 730 3013 qui
749 2938 906 2998 turmatim
929 2938 1113 2997 advenerant

88 3047 148 3090 cum
158 3033 357 3096 luminarium
370 3035 595 3111 multiplicitate
610 3047 641 3094 et
654 3035 780 3095 laudum
795 3035 999 3096 immensitate
1018 3035 1112 3096 comi·

88 3130 219 3204 tentibus,
231 3151 286 3192 rex
300 3133 368 3208 ipse
386 3132 582 3192 discalciatus
596 3132 751 3204 incedens,
768 3145 799 3192 et
814 3135 967 3193 Coronam
980 3132 1113 3192 domini·

90 3241 146 3286 cam
158 3228 339 3289 innumeris
353 3230 417 3289 suis
431 3243 564 3306 gestans,
575 3228 732 3290 humiliter
742 3244 772 3292 et
784 3232 893 3292 devote
905 3231 1113 3308 subsequitur,

90 3321 182 3401 sicque
194 3346 265 3386 cum
276 3329 390 3406 plausu
411 3328 549 3388 omnium
569 3329 609 3387 ad
628 3328 725 3406 ipsius
748 3329 829 3406 regis
841 3330 989 3406 palatium
1003 3330 1115 3406 depor-

89 3431 159 3482 tatur
179 3426 232 3484 ubi
253 3425 287 3484 in
302 3425 315 3460 ³
329 3423 469 3484 edificata
486 3443 548 3484 non
569 3426 667 3487 multo
688 3440 759 3504 post
777 3444 832 3504 per
861 3428 993 3488 eundem
1013 3444 1115 3503 regem

91 3519 213 3598 bullica,
226 3523 373 3601 precioso
391 3536 522 3584 scemate
542 3537 729 3600 constructa,
743 3525 915 3588 honorifice
933 3538 1114 3586 reservatur.

121 3617 209 3696 lgittu
222 3639 295 3682 cum
310 3620 445 3700 preistus
457 3621 504 3682 vir
512 3621 640 3682 illustris
655 3623 833 3698 balduinus,
846 3625 885 3685 de
899 3642 961 3701 quo
975 3624 1115 3702 superius

91 3725 192 3778 lactum
213 3733 270 3794 est,
294 3719 369 3780 dicti
391 3719 471 3796 regis
492 3721 748 3798 consanguineus,
772 3722 894 3799 imperii
918 3722 966 3782 sui
989 3721 1116 3799 negocia

94 3811 208 3876 sollicite
227 3835 417 3894 promovens
437 3829 468 3878 et
486 3835 666 3894 procurans,
685 3821 787 3880 sdlruc
803 3820 835 3880 in
849 3821 979 3882 Francia
1001 3837 1116 3880 morsm

94 3905 202 3986 buret,
217 3917 379 3976 attendens
388 3916 521 3976 eundem
532 3935 647 3994 regem,
658 3935 696 3976 ex
710 3917 874 3979 collatione
889 3918 1011 3979 Corone
1024 3935 1118 3994 quum

96 4007 120 4064 ei
131 4009 245 4088 iecerat,
261 4028 292 4074 et
306 4032 378 4091 erge
392 4016 491 4074 Deum
501 4015 671 4076 devotionis
683 4016 789 4075 intime
800 4016 950 4076 fervorem
961 4031 991 4076 et
1001 4033 1072 4094 erga
1085 4033 1117 4076 se

96 4103 255 4170 dilectionis
268 4111 415 4188 precipue
428 4111 650 4189 plenitudinem
665 4113 854 4189 concepisse,
873 4113 990 4174 addidit
1004 4114 1116 4190 ipsum,

126 4321 144 4360 r.
158 4309 214 4366 Fet
230 4329 280 4385 ¹7²
291 4323 333 4383 rt,
344 4317 398 4372 col.
410 4315 439 4370 b.
675 4317 699 4372 3.
715 4319 1118 4388 sublanditur-[Cher-

125 4399 266 4470 iussu,
278 4403 305 4459 ⁶.
369 4461 382 4480 ¹
643 4408 755 4476 leville].
