<?xml version="1.0" encoding="UTF-8"?>
<!DOCTYPE html PUBLIC "-//W3C//DTD XHTML 1.0 Transitional//EN"
    "http://www.w3.org/TR/xhtml1/DTD/xhtml1-transitional.dtd">
<html xmlns="http://www.w3.org/1999/xhtml" xml:lang="en" lang="en">
 <head>
  <title>
</title>
<meta http-equiv="Content-Type" content="text/html;charset=utf-8" />
  <meta name='ocr-system' content='tesseract 3.04.00' />
  <meta name='ocr-capabilities' content='ocr_page ocr_carea ocr_par ocr_line ocrx_word'/>
</head>
<body>
  <div class='ocr_page' id='page_1' title='image "./exuvisacrconsta00mlgoog_0131.png"; bbox 0 0 3130 5514; ppageno 0'>
   <div class='ocr_carea' id='block_1_1' title="bbox 419 629 1095 697">
    <p class='ocr_par' dir='ltr' id='par_1_1' title="bbox 419 629 1095 697">
     <span class='ocr_line' id='line_1_1' title="bbox 419 629 1095 697; baseline -0.004 -19"><span class='ocrx_word' id='word_1_1' title='bbox 419 631 464 678; x_wconf 83' lang='lat' dir='ltr'>LA</span> <span class='ocrx_word' id='word_1_2' title='bbox 488 629 610 678; x_wconf 76' lang='lat' dir='ltr'>SAlN&#39;l&#39;li</span> <span class='ocrx_word' id='word_1_3' title='bbox 631 629 744 676; x_wconf 78' lang='lat' dir='ltr'>LANCE</span> <span class='ocrx_word' id='word_1_4' title='bbox 1032 629 1095 697; x_wconf 83' lang='lat'>117</span> 
     </span>
    </p>
   </div>
   <div class='ocr_carea' id='block_1_2' title="bbox 59 865 1095 1044">
    <p class='ocr_par' dir='ltr' id='par_1_2' title="bbox 59 865 1095 1044">
     <span class='ocr_line' id='line_1_2' title="bbox 59 865 1095 943; baseline -0.003 -15"><span class='ocrx_word' id='word_1_5' title='bbox 59 869 236 928; x_wconf 82' lang='lat' dir='ltr'>transfixam</span> <span class='ocrx_word' id='word_1_6' title='bbox 258 867 292 926; x_wconf 91' lang='lat' dir='ltr'>in</span> <span class='ocrx_word' id='word_1_7' title='bbox 305 868 404 927; x_wconf 86' lang='lat' dir='ltr'>latere</span> <span class='ocrx_word' id='word_1_8' title='bbox 418 867 552 940; x_wconf 85' lang='lat' dir='ltr'>Christi;</span> <span class='ocrx_word' id='word_1_9' title='bbox 574 867 734 943; x_wconf 91' lang='lat' dir='ltr'>episcopus</span> <span class='ocrx_word' id='word_1_10' title='bbox 754 867 977 942; x_wconf 78' lang='lat' dir='ltr'>bethleemites,</span> <span class='ocrx_word' id='word_1_11' title='bbox 995 865 1095 926; x_wconf 82' lang='lat' dir='ltr'>ferens</span> 
     </span>
     <span class='ocr_line' id='line_1_3' title="bbox 60 965 843 1044; baseline -0.003 -18"><span class='ocrx_word' id='word_1_12' title='bbox 60 967 91 1026; x_wconf 91' lang='lat' dir='ltr'>in</span> <span class='ocrx_word' id='word_1_13' title='bbox 101 966 207 1044; x_wconf 83' lang='lat' dir='ltr'>pixide</span> <span class='ocrx_word' id='word_1_14' title='bbox 220 967 268 1026; x_wconf 90' lang='lat' dir='ltr'>lac</span> <span class='ocrx_word' id='word_1_15' title='bbox 283 978 400 1024; x_wconf 85' lang='lat' dir='ltr'>sanctas</span> <span class='ocrx_word' id='word_1_16' title='bbox 415 965 522 1024; x_wconf 81' lang='lat' dir='ltr'>Mariae</span> <span class='ocrx_word' id='word_1_17' title='bbox 536 979 690 1042; x_wconf 82' lang='lat' dir='ltr'>perpetuae</span> <span class='ocrx_word' id='word_1_18' title='bbox 698 965 843 1043; x_wconf 79' lang='lat' dir='ltr'>Virginis.</span> 
     </span>
    </p>
   </div>
   <div class='ocr_carea' id='block_1_3' title="bbox 152 1089 956 1159">
    <p class='ocr_par' dir='ltr' id='par_1_3' title="bbox 152 1089 956 1159">
     <span class='ocr_line' id='line_1_4' title="bbox 152 1089 956 1159; baseline -0.005 -13"><span class='ocrx_word' id='word_1_19' title='bbox 152 1093 315 1159; x_wconf 76' lang='lat' dir='ltr'>[anselmus</span> <span class='ocrx_word' id='word_1_20' title='bbox 329 1089 475 1144; x_wconf 88' lang='lat' dir='ltr'>Gemblac.</span> <span class='ocrx_word' id='word_1_21' title='bbox 493 1105 537 1158; x_wconf 91' lang='lat' dir='ltr'>ap.</span> <span class='ocrx_word' id='word_1_22' title='bbox 552 1091 640 1154; x_wconf 85' lang='lat' dir='ltr'>Perta,</span> <span class='ocrx_word' id='word_1_23' title='bbox 656 1089 770 1158; x_wconf 76' lang='lat' dir='ltr'>script,</span> <span class='ocrx_word' id='word_1_24' title='bbox 783 1091 830 1156; x_wconf 89' lang='lat' dir='ltr'>Vl,</span> <span class='ocrx_word' id='word_1_25' title='bbox 845 1105 872 1158; x_wconf 89' lang='lat' dir='ltr'>p.</span> <span class='ocrx_word' id='word_1_26' title='bbox 884 1089 956 1159; x_wconf 83' lang='lat'>379.]</span> 
     </span>
    </p>
   </div>
   <div class='ocr_carea' id='block_1_4' title="bbox 550 1371 594 1429">
    <p class='ocr_par' dir='ltr' id='par_1_4' title="bbox 550 1371 594 1429">
     <span class='ocr_line' id='line_1_5' title="bbox 550 1371 594 1429; baseline 0.023 -1"><span class='ocrx_word' id='word_1_27' title='bbox 550 1371 594 1429; x_wconf 77' lang='lat'>13.</span> 
     </span>
    </p>
   </div>
   <div class='ocr_carea' id='block_1_5' title="bbox 62 1523 1095 1799">
    <p class='ocr_par' dir='ltr' id='par_1_5' title="bbox 62 1523 1095 1799">
     <span class='ocr_line' id='line_1_6' title="bbox 62 1523 1095 1607; baseline 0.001 -24"><span class='ocrx_word' id='word_1_28' title='bbox 62 1525 165 1583; x_wconf 83' lang='lat' dir='ltr'>Lettre</span> <span class='ocrx_word' id='word_1_29' title='bbox 184 1525 222 1583; x_wconf 86' lang='lat' dir='ltr'>de</span> <span class='ocrx_word' id='word_1_30' title='bbox 239 1523 425 1596; x_wconf 72' lang='lat' dir='ltr'>Boltimoad,</span> <span class='ocrx_word' id='word_1_31' title='bbox 440 1523 589 1582; x_wconf 81' lang='lat' dir='ltr'>Raimotvd</span> <span class='ocrx_word' id='word_1_32' title='bbox 605 1523 641 1582; x_wconf 85' lang='lat' dir='ltr'>de</span> <span class='ocrx_word' id='word_1_33' title='bbox 658 1524 869 1600; x_wconf 78' lang='lat' dir='ltr'>Sciat-Giiles,</span> <span class='ocrx_word' id='word_1_34' title='bbox 886 1526 1042 1607; x_wconf 84' lang='lat' dir='ltr'>Godesroy</span> <span class='ocrx_word' id='word_1_35' title='bbox 1058 1525 1095 1584; x_wconf 82' lang='lat' dir='ltr'>de</span> 
     </span>
     <span class='ocr_line' id='line_1_7' title="bbox 91 1621 1095 1694; baseline -0.004 -13"><span class='ocrx_word' id='word_1_36' title='bbox 91 1622 248 1694; x_wconf 80' lang='lat' dir='ltr'>Boaiilon,</span> <span class='ocrx_word' id='word_1_37' title='bbox 271 1622 385 1681; x_wconf 81' lang='lat' dir='ltr'>Robert</span> <span class='ocrx_word' id='word_1_38' title='bbox 407 1621 444 1679; x_wconf 85' lang='lat' dir='ltr'>de</span> <span class='ocrx_word' id='word_1_39' title='bbox 469 1621 667 1694; x_wconf 80' lang='lat' dir='ltr'>Nor-mandis,</span> <span class='ocrx_word' id='word_1_40' title='bbox 694 1621 807 1681; x_wconf 82' lang='lat' dir='ltr'>Robert</span> <span class='ocrx_word' id='word_1_41' title='bbox 831 1623 868 1682; x_wconf 87' lang='lat' dir='ltr'>de</span> <span class='ocrx_word' id='word_1_42' title='bbox 890 1621 1041 1682; x_wconf 81' lang='lat' dir='ltr'>Fiandres</span> <span class='ocrx_word' id='word_1_43' title='bbox 1065 1631 1095 1678; x_wconf 90' lang='lat' dir='ltr'>et</span> 
     </span>
     <span class='ocr_line' id='line_1_8' title="bbox 95 1718 692 1799; baseline -0.003 -21"><span class='ocrx_word' id='word_1_44' title='bbox 95 1720 247 1780; x_wconf 75' lang='lat' dir='ltr'>Eustaebe</span> <span class='ocrx_word' id='word_1_45' title='bbox 261 1719 299 1778; x_wconf 83' lang='lat' dir='ltr'>de</span> <span class='ocrx_word' id='word_1_46' title='bbox 311 1719 500 1799; x_wconf 71' lang='lat' dir='ltr'>Bottiogned</span> <span class='ocrx_word' id='word_1_47' title='bbox 518 1718 632 1778; x_wconf 80' lang='lat' dir='ltr'>Urbairt</span> <span class='ocrx_word' id='word_1_48' title='bbox 647 1719 692 1778; x_wconf 89' lang='lat'>11.</span> 
     </span>
    </p>
   </div>
   <div class='ocr_carea' id='block_1_6' title="bbox 422 1867 736 1939">
    <p class='ocr_par' dir='ltr' id='par_1_6' title="bbox 422 1867 736 1939">
     <span class='ocr_line' id='line_1_9' title="bbox 422 1867 736 1939; baseline 0 -18"><span class='ocrx_word' id='word_1_49' title='bbox 422 1867 499 1939; x_wconf 83' lang='lat'>1098,</span> <span class='ocrx_word' id='word_1_50' title='bbox 519 1885 546 1922; x_wconf 84' lang='lat' dir='ltr'>rr</span> <span class='ocrx_word' id='word_1_51' title='bbox 567 1869 736 1938; x_wconf 74' lang='lat' dir='ltr'>septembre.</span> 
     </span>
    </p>
   </div>
   <div class='ocr_carea' id='block_1_7' title="bbox 64 2037 1094 4468">
    <p class='ocr_par' dir='ltr' id='par_1_7' title="bbox 64 2037 1094 4468">
     <span class='ocr_line' id='line_1_10' title="bbox 95 2037 1094 2115; baseline 0.003 -18"><span class='ocrx_word' id='word_1_52' title='bbox 95 2041 227 2098; x_wconf 88' lang='lat' dir='ltr'>Domino</span> <span class='ocrx_word' id='word_1_53' title='bbox 243 2053 363 2112; x_wconf 90' lang='lat' dir='ltr'>sancto,</span> <span class='ocrx_word' id='word_1_54' title='bbox 378 2057 414 2099; x_wconf 88' lang='lat' dir='ltr'>ac</span> <span class='ocrx_word' id='word_1_55' title='bbox 428 2037 593 2098; x_wconf 78' lang='lat' dir='ltr'>venerabili</span> <span class='ocrx_word' id='word_1_56' title='bbox 604 2057 692 2115; x_wconf 86' lang='lat' dir='ltr'>papae</span> <span class='ocrx_word' id='word_1_57' title='bbox 708 2039 835 2098; x_wconf 88' lang='lat' dir='ltr'>Urbano</span> <span class='ocrx_word' id='word_1_58' title='bbox 851 2039 1050 2098; x_wconf 78' lang='lat' dir='ltr'>boamundus</span> <span class='ocrx_word' id='word_1_59' title='bbox 1064 2053 1094 2100; x_wconf 96' lang='lat' dir='ltr'>et</span> 
     </span>
     <span class='ocr_line' id='line_1_11' title="bbox 65 2135 1093 2212; baseline -0.001 -17"><span class='ocrx_word' id='word_1_60' title='bbox 65 2137 249 2196; x_wconf 83' lang='lat' dir='ltr'>Raimundus</span> <span class='ocrx_word' id='word_1_61' title='bbox 277 2137 382 2196; x_wconf 82' lang='lat' dir='ltr'>Sancti</span> <span class='ocrx_word' id='word_1_62' title='bbox 404 2135 515 2212; x_wconf 79' lang='lat' dir='ltr'>AEgidii</span> <span class='ocrx_word' id='word_1_63' title='bbox 544 2154 659 2210; x_wconf 88' lang='lat' dir='ltr'>comes,</span> <span class='ocrx_word' id='word_1_64' title='bbox 683 2137 866 2196; x_wconf 82' lang='lat' dir='ltr'>Godefridus</span> <span class='ocrx_word' id='word_1_65' title='bbox 890 2138 951 2196; x_wconf 87' lang='lat' dir='ltr'>dux</span> <span class='ocrx_word' id='word_1_66' title='bbox 980 2137 1093 2196; x_wconf 88' lang='lat' dir='ltr'>Lotha·</span> 
     </span>
     <span class='ocr_line' id='line_1_12' title="bbox 64 2233 1092 2306; baseline 0.002 -15"><span class='ocrx_word' id='word_1_67' title='bbox 64 2233 166 2294; x_wconf 86' lang='lat' dir='ltr'>riensis</span> <span class='ocrx_word' id='word_1_68' title='bbox 184 2249 216 2295; x_wconf 90' lang='lat' dir='ltr'>et</span> <span class='ocrx_word' id='word_1_69' title='bbox 231 2235 386 2294; x_wconf 86' lang='lat' dir='ltr'>Robertus</span> <span class='ocrx_word' id='word_1_70' title='bbox 401 2251 503 2292; x_wconf 89' lang='lat' dir='ltr'>comes</span> <span class='ocrx_word' id='word_1_71' title='bbox 517 2233 726 2306; x_wconf 77' lang='lat' dir='ltr'>Normanniae,</span> <span class='ocrx_word' id='word_1_72' title='bbox 741 2236 907 2294; x_wconf 89' lang='lat' dir='ltr'>Rotbertus</span> <span class='ocrx_word' id='word_1_73' title='bbox 926 2235 1092 2294; x_wconf 89' lang='lat' dir='ltr'>Flandren-</span> 
     </span>
     <span class='ocr_line' id='line_1_13' title="bbox 65 2331 1093 2403; baseline 0.003 -14"><span class='ocrx_word' id='word_1_74' title='bbox 65 2331 135 2389; x_wconf 88' lang='lat' dir='ltr'>sium</span> <span class='ocrx_word' id='word_1_75' title='bbox 152 2349 261 2390; x_wconf 86' lang='lat' dir='ltr'>comes</span> <span class='ocrx_word' id='word_1_76' title='bbox 280 2345 311 2390; x_wconf 90' lang='lat' dir='ltr'>et</span> <span class='ocrx_word' id='word_1_77' title='bbox 326 2331 509 2390; x_wconf 86' lang='lat' dir='ltr'>Eustacbius</span> <span class='ocrx_word' id='word_1_78' title='bbox 530 2332 668 2391; x_wconf 83' lang='lat' dir='ltr'>Boloniae</span> <span class='ocrx_word' id='word_1_79' title='bbox 688 2351 800 2403; x_wconf 88' lang='lat' dir='ltr'>comes,</span> <span class='ocrx_word' id='word_1_80' title='bbox 821 2333 950 2392; x_wconf 87' lang='lat' dir='ltr'>salutem</span> <span class='ocrx_word' id='word_1_81' title='bbox 969 2345 1000 2392; x_wconf 90' lang='lat' dir='ltr'>et</span> <span class='ocrx_word' id='word_1_82' title='bbox 1017 2333 1093 2392; x_wconf 88' lang='lat' dir='ltr'>lide·</span> 
     </span>
     <span class='ocr_line' id='line_1_14' title="bbox 65 2427 1093 2505; baseline 0.003 -20"><span class='ocrx_word' id='word_1_83' title='bbox 65 2428 100 2486; x_wconf 89' lang='lat' dir='ltr'>lia</span> <span class='ocrx_word' id='word_1_84' title='bbox 119 2429 256 2502; x_wconf 87' lang='lat' dir='ltr'>servitia,</span> <span class='ocrx_word' id='word_1_85' title='bbox 274 2441 305 2487; x_wconf 91' lang='lat' dir='ltr'>et</span> <span class='ocrx_word' id='word_1_86' title='bbox 324 2443 358 2487; x_wconf 90' lang='lat' dir='ltr'>ut</span> <span class='ocrx_word' id='word_1_87' title='bbox 375 2427 441 2502; x_wconf 83' lang='lat' dir='ltr'>filii,</span> <span class='ocrx_word' id='word_1_88' title='bbox 461 2446 517 2486; x_wconf 89' lang='lat' dir='ltr'>suo</span> <span class='ocrx_word' id='word_1_89' title='bbox 536 2429 614 2504; x_wconf 92' lang='lat' dir='ltr'>patri</span> <span class='ocrx_word' id='word_1_90' title='bbox 633 2429 782 2505; x_wconf 82' lang='lat' dir='ltr'>spirituali</span> <span class='ocrx_word' id='word_1_91' title='bbox 799 2449 901 2490; x_wconf 88' lang='lat' dir='ltr'>veram</span> <span class='ocrx_word' id='word_1_92' title='bbox 918 2431 950 2489; x_wconf 88' lang='lat' dir='ltr'>in</span> <span class='ocrx_word' id='word_1_93' title='bbox 969 2430 1093 2489; x_wconf 87' lang='lat' dir='ltr'>Christo</span> 
     </span>
     <span class='ocr_line' id='line_1_15' title="bbox 65 2527 1093 2602; baseline 0.003 -19"><span class='ocrx_word' id='word_1_94' title='bbox 65 2527 291 2602; x_wconf 82' lang='lat' dir='ltr'>subjectionem.</span> <span class='ocrx_word' id='word_1_95' title='bbox 313 2527 463 2586; x_wconf 91' lang='lat' dir='ltr'>Volumus</span> <span class='ocrx_word' id='word_1_96' title='bbox 486 2544 592 2587; x_wconf 86' lang='lat' dir='ltr'>omnes</span> <span class='ocrx_word' id='word_1_97' title='bbox 613 2541 644 2586; x_wconf 94' lang='lat' dir='ltr'>et</span> <span class='ocrx_word' id='word_1_98' title='bbox 657 2527 866 2588; x_wconf 78' lang='lat' dir='ltr'>desideramus</span> <span class='ocrx_word' id='word_1_99' title='bbox 884 2541 990 2588; x_wconf 91' lang='lat' dir='ltr'>notum</span> <span class='ocrx_word' id='word_1_100' title='bbox 1005 2527 1093 2588; x_wconf 90' lang='lat' dir='ltr'>vobis</span> 
     </span>
     <span class='ocr_line' id='line_1_16' title="bbox 64 2623 1093 2706; baseline 0.003 -26"><span class='ocrx_word' id='word_1_101' title='bbox 64 2623 123 2683; x_wconf 85' lang='lat' dir='ltr'>fieri</span> <span class='ocrx_word' id='word_1_102' title='bbox 140 2643 236 2702; x_wconf 86' lang='lat' dir='ltr'>quam</span> <span class='ocrx_word' id='word_1_103' title='bbox 256 2643 367 2702; x_wconf 79' lang='lat' dir='ltr'>magna</span> <span class='ocrx_word' id='word_1_104' title='bbox 389 2625 445 2684; x_wconf 89' lang='lat' dir='ltr'>Dei</span> <span class='ocrx_word' id='word_1_105' title='bbox 465 2625 674 2688; x_wconf 87' lang='lat' dir='ltr'>misericordia</span> <span class='ocrx_word' id='word_1_106' title='bbox 693 2647 845 2706; x_wconf 89' lang='lat' dir='ltr'>quamque</span> <span class='ocrx_word' id='word_1_107' title='bbox 866 2626 1093 2687; x_wconf 84' lang='lat' dir='ltr'>evidentissimo</span> 
     </span>
     <span class='ocr_line' id='line_1_17' title="bbox 64 2720 1092 2802; baseline 0.002 -22"><span class='ocrx_word' id='word_1_108' title='bbox 64 2720 153 2796; x_wconf 85' lang='lat' dir='ltr'>ipsius</span> <span class='ocrx_word' id='word_1_109' title='bbox 177 2721 421 2781; x_wconf 88' lang='lat' dir='ltr'>amminiculoa</span> <span class='ocrx_word' id='word_1_110' title='bbox 454 2725 541 2784; x_wconf 91' lang='lat' dir='ltr'>nobis</span> <span class='ocrx_word' id='word_1_111' title='bbox 565 2739 652 2802; x_wconf 88' lang='lat' dir='ltr'>capta</span> <span class='ocrx_word' id='word_1_112' title='bbox 680 2740 726 2787; x_wconf 91' lang='lat' dir='ltr'>est</span> <span class='ocrx_word' id='word_1_113' title='bbox 747 2725 910 2787; x_wconf 79' lang='lat' dir='ltr'>Antiochia</span> <span class='ocrx_word' id='word_1_114' title='bbox 936 2737 967 2785; x_wconf 85' lang='lat' dir='ltr'>et</span> <span class='ocrx_word' id='word_1_115' title='bbox 987 2724 1092 2798; x_wconf 90' lang='lat' dir='ltr'>Turci,</span> 
     </span>
     <span class='ocr_line' id='line_1_18' title="bbox 64 2819 1094 2901; baseline 0.005 -23"><span class='ocrx_word' id='word_1_116' title='bbox 64 2819 111 2894; x_wconf 87' lang='lat' dir='ltr'>qui</span> <span class='ocrx_word' id='word_1_117' title='bbox 124 2821 220 2880; x_wconf 87' lang='lat' dir='ltr'>multa</span> <span class='ocrx_word' id='word_1_118' title='bbox 233 2819 367 2878; x_wconf 88' lang='lat' dir='ltr'>Domino</span> <span class='ocrx_word' id='word_1_119' title='bbox 381 2835 487 2880; x_wconf 91' lang='lat' dir='ltr'>nostro</span> <span class='ocrx_word' id='word_1_120' title='bbox 504 2823 520 2882; x_wconf 89' lang='lat' dir='ltr'>J</span> <span class='ocrx_word' id='word_1_121' title='bbox 523 2841 577 2882; x_wconf 91' lang='lat' dir='ltr'>esu</span> <span class='ocrx_word' id='word_1_122' title='bbox 591 2823 756 2884; x_wconf 89' lang='lat' dir='ltr'>intulerant</span> <span class='ocrx_word' id='word_1_123' title='bbox 775 2823 951 2901; x_wconf 90' lang='lat' dir='ltr'>opprobria,</span> <span class='ocrx_word' id='word_1_124' title='bbox 970 2823 1050 2900; x_wconf 91' lang='lat' dir='ltr'>capti</span> <span class='ocrx_word' id='word_1_125' title='bbox 1063 2835 1094 2883; x_wconf 90' lang='lat' dir='ltr'>et</span> 
     </span>
     <span class='ocr_line' id='line_1_19' title="bbox 65 2914 1093 2995; baseline 0.004 -22"><span class='ocrx_word' id='word_1_126' title='bbox 65 2914 208 2976; x_wconf 86' lang='lat' dir='ltr'>interiecti</span> <span class='ocrx_word' id='word_1_127' title='bbox 227 2929 317 2988; x_wconf 88' lang='lat' dir='ltr'>sunt;</span> <span class='ocrx_word' id='word_1_128' title='bbox 337 2927 367 2975; x_wconf 91' lang='lat' dir='ltr'>et</span> <span class='ocrx_word' id='word_1_129' title='bbox 381 2935 438 2976; x_wconf 89' lang='lat' dir='ltr'>nos</span> <span class='ocrx_word' id='word_1_130' title='bbox 453 2917 718 2995; x_wconf 87' lang='lat' dir='ltr'>iherosolymitani</span> <span class='ocrx_word' id='word_1_131' title='bbox 732 2921 804 2979; x_wconf 88' lang='lat' dir='ltr'>Jesu</span> <span class='ocrx_word' id='word_1_132' title='bbox 819 2917 932 2979; x_wconf 90' lang='lat' dir='ltr'>Christi</span> <span class='ocrx_word' id='word_1_133' title='bbox 950 2918 1093 2994; x_wconf 87' lang='lat' dir='ltr'>injuriam</span> 
     </span>
     <span class='ocr_line' id='line_1_20' title="bbox 64 3013 1093 3094; baseline 0.007 -24"><span class='ocrx_word' id='word_1_134' title='bbox 64 3015 166 3074; x_wconf 89' lang='lat' dir='ltr'>summi</span> <span class='ocrx_word' id='word_1_135' title='bbox 194 3015 253 3074; x_wconf 91' lang='lat' dir='ltr'>Dei</span> <span class='ocrx_word' id='word_1_136' title='bbox 271 3013 502 3088; x_wconf 83' lang='lat' dir='ltr'>vindicavimus,</span> <span class='ocrx_word' id='word_1_137' title='bbox 523 3029 553 3075; x_wconf 92' lang='lat' dir='ltr'>et</span> <span class='ocrx_word' id='word_1_138' title='bbox 571 3035 639 3090; x_wconf 85' lang='lat' dir='ltr'>nos,</span> <span class='ocrx_word' id='word_1_139' title='bbox 658 3017 711 3093; x_wconf 91' lang='lat' dir='ltr'>qui</span> <span class='ocrx_word' id='word_1_140' title='bbox 724 3019 843 3076; x_wconf 90' lang='lat' dir='ltr'>Turcos</span> <span class='ocrx_word' id='word_1_141' title='bbox 857 3017 942 3094; x_wconf 89' lang='lat' dir='ltr'>prius</span> <span class='ocrx_word' id='word_1_142' title='bbox 962 3017 1093 3076; x_wconf 86' lang='lat' dir='ltr'>obsede-</span> 
     </span>
     <span class='ocr_line' id='line_1_21' title="bbox 65 3112 1091 3190; baseline 0.002 -20"><span class='ocrx_word' id='word_1_143' title='bbox 65 3127 170 3186; x_wconf 84' lang='lat' dir='ltr'>ramus,</span> <span class='ocrx_word' id='word_1_144' title='bbox 185 3112 320 3190; x_wconf 86' lang='lat' dir='ltr'>qualiter</span> <span class='ocrx_word' id='word_1_145' title='bbox 332 3125 438 3187; x_wconf 91' lang='lat' dir='ltr'>postea</span> <span class='ocrx_word' id='word_1_146' title='bbox 448 3131 466 3171; x_wconf 90' lang='lat' dir='ltr'>a</span> <span class='ocrx_word' id='word_1_147' title='bbox 476 3113 585 3172; x_wconf 89' lang='lat' dir='ltr'>Turcis</span> <span class='ocrx_word' id='word_1_148' title='bbox 600 3115 637 3172; x_wconf 92' lang='lat' dir='ltr'>de</span> <span class='ocrx_word' id='word_1_149' title='bbox 649 3115 836 3188; x_wconf 84' lang='lat' dir='ltr'>Corroaana,</span> <span class='ocrx_word' id='word_1_150' title='bbox 851 3127 881 3174; x_wconf 94' lang='lat' dir='ltr'>et</span> <span class='ocrx_word' id='word_1_151' title='bbox 894 3114 1091 3187; x_wconf 87' lang='lat' dir='ltr'>iherusalem,</span> 
     </span>
     <span class='ocr_line' id='line_1_22' title="bbox 65 3209 1092 3286; baseline 0.004 -20"><span class='ocrx_word' id='word_1_152' title='bbox 65 3221 91 3266; x_wconf 91' lang='lat' dir='ltr'>st</span> <span class='ocrx_word' id='word_1_153' title='bbox 105 3212 268 3282; x_wconf 84' lang='lat' dir='ltr'>Damasco,</span> <span class='ocrx_word' id='word_1_154' title='bbox 293 3209 457 3286; x_wconf 90' lang='lat' dir='ltr'>multisque</span> <span class='ocrx_word' id='word_1_155' title='bbox 478 3211 546 3270; x_wconf 89' lang='lat' dir='ltr'>aliis</span> <span class='ocrx_word' id='word_1_156' title='bbox 563 3211 653 3270; x_wconf 86' lang='lat' dir='ltr'>terris</span> <span class='ocrx_word' id='word_1_157' title='bbox 671 3211 875 3284; x_wconf 89' lang='lat' dir='ltr'>venientibus,</span> <span class='ocrx_word' id='word_1_158' title='bbox 896 3211 1014 3270; x_wconf 89' lang='lat' dir='ltr'>obsessi</span> <span class='ocrx_word' id='word_1_159' title='bbox 1032 3211 1092 3270; x_wconf 82' lang='lat' dir='ltr'>tui-</span> 
     </span>
     <span class='ocr_line' id='line_1_23' title="bbox 66 3308 1091 3384; baseline 0.003 -20"><span class='ocrx_word' id='word_1_160' title='bbox 66 3323 140 3382; x_wconf 85' lang='lat' dir='ltr'>mus;</span> <span class='ocrx_word' id='word_1_161' title='bbox 165 3323 198 3368; x_wconf 89' lang='lat' dir='ltr'>et</span> <span class='ocrx_word' id='word_1_162' title='bbox 220 3309 377 3384; x_wconf 90' lang='lat' dir='ltr'>quomodo</span> <span class='ocrx_word' id='word_1_163' title='bbox 392 3309 465 3368; x_wconf 90' lang='lat' dir='ltr'>Jesu</span> <span class='ocrx_word' id='word_1_164' title='bbox 485 3308 598 3368; x_wconf 89' lang='lat' dir='ltr'>Christi</span> <span class='ocrx_word' id='word_1_165' title='bbox 615 3309 825 3370; x_wconf 86' lang='lat' dir='ltr'>misericordie</span> <span class='ocrx_word' id='word_1_166' title='bbox 840 3309 961 3370; x_wconf 90' lang='lat' dir='ltr'>liberati</span> <span class='ocrx_word' id='word_1_167' title='bbox 975 3327 1091 3368; x_wconf 88' lang='lat' dir='ltr'>sumus.</span> 
     </span>
     <span class='ocr_line' id='line_1_24' title="bbox 67 3405 1092 3482; baseline 0 -18"><span class='ocrx_word' id='word_1_168' title='bbox 67 3405 159 3474; x_wconf 87' lang='lat' dir='ltr'>Quum</span> <span class='ocrx_word' id='word_1_169' title='bbox 189 3405 284 3482; x_wconf 73' lang='lat' dir='ltr'>igitur</span> <span class='ocrx_word' id='word_1_170' title='bbox 309 3419 397 3481; x_wconf 86' lang='lat' dir='ltr'>capta</span> <span class='ocrx_word' id='word_1_171' title='bbox 422 3405 539 3481; x_wconf 82' lang='lat' dir='ltr'>Nicaea,</span> <span class='ocrx_word' id='word_1_172' title='bbox 568 3407 652 3466; x_wconf 91' lang='lat' dir='ltr'>illam</span> <span class='ocrx_word' id='word_1_173' title='bbox 679 3409 841 3469; x_wconf 85' lang='lat' dir='ltr'>maximam</span> <span class='ocrx_word' id='word_1_174' title='bbox 866 3405 1092 3467; x_wconf 88' lang='lat' dir='ltr'>multitudinem</span> 
     </span>
     <span class='ocr_line' id='line_1_25' title="bbox 66 3502 1091 3578; baseline 0.001 -18"><span class='ocrx_word' id='word_1_175' title='bbox 66 3502 238 3576; x_wconf 79' lang='lat' dir='ltr'>Tuscorum,</span> <span class='ocrx_word' id='word_1_176' title='bbox 264 3503 343 3563; x_wconf 90' lang='lat' dir='ltr'>sicut</span> <span class='ocrx_word' id='word_1_177' title='bbox 362 3505 499 3578; x_wconf 89' lang='lat' dir='ltr'>audistis,</span> <span class='ocrx_word' id='word_1_178' title='bbox 512 3505 544 3563; x_wconf 91' lang='lat' dir='ltr'>in</span> <span class='ocrx_word' id='word_1_179' title='bbox 559 3505 705 3565; x_wconf 84' lang='lat' dir='ltr'>kalendas</span> <span class='ocrx_word' id='word_1_180' title='bbox 724 3506 798 3566; x_wconf 89' lang='lat' dir='ltr'>Julii</span> <span class='ocrx_word' id='word_1_181' title='bbox 813 3505 902 3564; x_wconf 90' lang='lat' dir='ltr'>nobis</span> <span class='ocrx_word' id='word_1_182' title='bbox 924 3503 1046 3562; x_wconf 87' lang='lat' dir='ltr'>obviam</span> <span class='ocrx_word' id='word_1_183' title='bbox 1059 3503 1091 3562; x_wconf 94' lang='lat' dir='ltr'>in</span> 
     </span>
     <span class='ocr_line' id='line_1_26' title="bbox 66 3601 1090 3680; baseline 0.002 -24"><span class='ocrx_word' id='word_1_184' title='bbox 66 3603 133 3661; x_wconf 80' lang='lat' dir='ltr'>valle</span> <span class='ocrx_word' id='word_1_185' title='bbox 147 3601 309 3662; x_wconf 79' lang='lat' dir='ltr'>Dorotillae</span> <span class='ocrx_word' id='word_1_186' title='bbox 323 3602 550 3676; x_wconf 85' lang='lat' dir='ltr'>devicissemus,</span> <span class='ocrx_word' id='word_1_187' title='bbox 568 3617 598 3663; x_wconf 90' lang='lat' dir='ltr'>et</span> <span class='ocrx_word' id='word_1_188' title='bbox 612 3604 698 3662; x_wconf 90' lang='lat' dir='ltr'>illurn</span> <span class='ocrx_word' id='word_1_189' title='bbox 709 3613 852 3680; x_wconf 80' lang='lat' dir='ltr'>magnum</span> <span class='ocrx_word' id='word_1_190' title='bbox 867 3601 1090 3661; x_wconf 80' lang='lat' dir='ltr'>sullimannum</span> 
     </span>
     <span class='ocr_line' id='line_1_27' title="bbox 66 3696 1091 3776; baseline -0.004 -16"><span class='ocrx_word' id='word_1_191' title='bbox 66 3696 287 3775; x_wconf 69' lang='lat' dir='ltr'>higavissemus,</span> <span class='ocrx_word' id='word_1_192' title='bbox 302 3699 426 3776; x_wconf 89' lang='lat' dir='ltr'>suisque</span> <span class='ocrx_word' id='word_1_193' title='bbox 447 3701 589 3760; x_wconf 91' lang='lat' dir='ltr'>omnibus</span> <span class='ocrx_word' id='word_1_194' title='bbox 604 3715 634 3762; x_wconf 91' lang='lat' dir='ltr'>et</span> <span class='ocrx_word' id='word_1_195' title='bbox 647 3715 728 3762; x_wconf 89' lang='lat' dir='ltr'>terra</span> <span class='ocrx_word' id='word_1_196' title='bbox 744 3715 775 3762; x_wconf 94' lang='lat' dir='ltr'>et</span> <span class='ocrx_word' id='word_1_197' title='bbox 792 3702 884 3760; x_wconf 87' lang='lat' dir='ltr'>rebus</span> <span class='ocrx_word' id='word_1_198' title='bbox 905 3698 1091 3774; x_wconf 83' lang='lat' dir='ltr'>expoliasse·</span> 
     </span>
     <span class='ocr_line' id='line_1_28' title="bbox 66 3796 1091 3875; baseline 0.002 -22"><span class='ocrx_word' id='word_1_199' title='bbox 66 3813 132 3871; x_wconf 90' lang='lat' dir='ltr'>mus,</span> <span class='ocrx_word' id='word_1_200' title='bbox 153 3797 306 3875; x_wconf 88' lang='lat' dir='ltr'>acquisita</span> <span class='ocrx_word' id='word_1_201' title='bbox 327 3811 357 3857; x_wconf 88' lang='lat' dir='ltr'>et</span> <span class='ocrx_word' id='word_1_202' title='bbox 375 3798 535 3874; x_wconf 84' lang='lat' dir='ltr'>pacificata</span> <span class='ocrx_word' id='word_1_203' title='bbox 562 3811 627 3860; x_wconf 93' lang='lat' dir='ltr'>tota</span> <span class='ocrx_word' id='word_1_204' title='bbox 650 3799 810 3873; x_wconf 86' lang='lat' dir='ltr'>Romania,</span> <span class='ocrx_word' id='word_1_205' title='bbox 825 3799 864 3857; x_wconf 89' lang='lat' dir='ltr'>ad</span> <span class='ocrx_word' id='word_1_206' title='bbox 891 3796 1091 3856; x_wconf 87' lang='lat' dir='ltr'>obsidendam</span> 
     </span>
     <span class='ocr_line' id='line_1_29' title="bbox 65 3894 1090 3972; baseline 0.002 -20"><span class='ocrx_word' id='word_1_207' title='bbox 65 3894 248 3956; x_wconf 74' lang='lat' dir='ltr'>Antiochiam</span> <span class='ocrx_word' id='word_1_208' title='bbox 260 3894 409 3954; x_wconf 88' lang='lat' dir='ltr'>venimus.</span> <span class='ocrx_word' id='word_1_209' title='bbox 423 3897 519 3972; x_wconf 86' lang='lat' dir='ltr'>Cujus</span> <span class='ocrx_word' id='word_1_210' title='bbox 533 3897 566 3956; x_wconf 91' lang='lat' dir='ltr'>in</span> <span class='ocrx_word' id='word_1_211' title='bbox 580 3898 741 3958; x_wconf 90' lang='lat' dir='ltr'>obsidione</span> <span class='ocrx_word' id='word_1_212' title='bbox 755 3897 850 3957; x_wconf 91' lang='lat' dir='ltr'>multa</span> <span class='ocrx_word' id='word_1_213' title='bbox 866 3897 945 3955; x_wconf 88' lang='lat' dir='ltr'>mala</span> <span class='ocrx_word' id='word_1_214' title='bbox 954 3895 1090 3972; x_wconf 86' lang='lat' dir='ltr'>perpessi</span> 
     </span>
     <span class='ocr_line' id='line_1_30' title="bbox 66 3993 1091 4072; baseline 0.002 -22"><span class='ocrx_word' id='word_1_215' title='bbox 66 4009 169 4068; x_wconf 85' lang='lat' dir='ltr'>sumus,</span> <span class='ocrx_word' id='word_1_216' title='bbox 180 4008 247 4055; x_wconf 90' lang='lat' dir='ltr'>tum</span> <span class='ocrx_word' id='word_1_217' title='bbox 266 3995 305 4053; x_wconf 89' lang='lat' dir='ltr'>de</span> <span class='ocrx_word' id='word_1_218' title='bbox 315 3993 403 4052; x_wconf 88' lang='lat' dir='ltr'>bellis</span> <span class='ocrx_word' id='word_1_219' title='bbox 416 3994 615 4054; x_wconf 83' lang='lat' dir='ltr'>finitimorum</span> <span class='ocrx_word' id='word_1_220' title='bbox 628 3997 801 4055; x_wconf 90' lang='lat' dir='ltr'>Turcorum</span> <span class='ocrx_word' id='word_1_221' title='bbox 815 4007 845 4054; x_wconf 88' lang='lat' dir='ltr'>et</span> <span class='ocrx_word' id='word_1_222' title='bbox 855 4012 1044 4072; x_wconf 83' lang='lat' dir='ltr'>paganorum</span> <span class='ocrx_word' id='word_1_223' title='bbox 1058 3993 1091 4053; x_wconf 90' lang='lat' dir='ltr'>in</span> 
     </span>
     <span class='ocr_line' id='line_1_31' title="bbox 66 4093 1090 4171; baseline 0.004 -23"><span class='ocrx_word' id='word_1_224' title='bbox 66 4106 113 4150; x_wconf 90' lang='lat' dir='ltr'>nos</span> <span class='ocrx_word' id='word_1_225' title='bbox 131 4107 193 4152; x_wconf 89' lang='lat' dir='ltr'>tam</span> <span class='ocrx_word' id='word_1_226' title='bbox 206 4093 383 4168; x_wconf 79' lang='lat' dir='ltr'>frequenter</span> <span class='ocrx_word' id='word_1_227' title='bbox 400 4107 431 4154; x_wconf 89' lang='lat' dir='ltr'>et</span> <span class='ocrx_word' id='word_1_228' title='bbox 448 4095 574 4171; x_wconf 88' lang='lat' dir='ltr'>copiose</span> <span class='ocrx_word' id='word_1_229' title='bbox 592 4095 784 4168; x_wconf 88' lang='lat' dir='ltr'>irruentium,</span> <span class='ocrx_word' id='word_1_230' title='bbox 798 4107 833 4155; x_wconf 87' lang='lat' dir='ltr'>ut</span> <span class='ocrx_word' id='word_1_231' title='bbox 850 4095 952 4154; x_wconf 87' lang='lat' dir='ltr'>verius</span> <span class='ocrx_word' id='word_1_232' title='bbox 973 4095 1090 4155; x_wconf 85' lang='lat' dir='ltr'>dicere·</span> 
     </span>
     <span class='ocr_line' id='line_1_32' title="bbox 66 4189 1089 4268; baseline 0.006 -24"><span class='ocrx_word' id='word_1_233' title='bbox 66 4205 124 4248; x_wconf 90' lang='lat' dir='ltr'>mur</span> <span class='ocrx_word' id='word_1_234' title='bbox 142 4189 261 4250; x_wconf 89' lang='lat' dir='ltr'>obsessi</span> <span class='ocrx_word' id='word_1_235' title='bbox 280 4189 320 4248; x_wconf 89' lang='lat' dir='ltr'>ab</span> <span class='ocrx_word' id='word_1_236' title='bbox 339 4189 400 4248; x_wconf 88' lang='lat' dir='ltr'>illis</span> <span class='ocrx_word' id='word_1_237' title='bbox 423 4209 501 4268; x_wconf 87' lang='lat' dir='ltr'>quot</span> <span class='ocrx_word' id='word_1_238' title='bbox 519 4191 551 4250; x_wconf 93' lang='lat' dir='ltr'>in</span> <span class='ocrx_word' id='word_1_239' title='bbox 571 4191 735 4252; x_wconf 83' lang='lat' dir='ltr'>Antiochia</span> <span class='ocrx_word' id='word_1_240' title='bbox 755 4193 984 4254; x_wconf 88' lang='lat' dir='ltr'>obsederamus.</span> <span class='ocrx_word' id='word_1_241' title='bbox 1006 4193 1089 4251; x_wconf 87' lang='lat' dir='ltr'>Tan-</span> 
     </span>
     <span class='ocr_line' id='line_1_33' title="bbox 66 4287 1089 4370; baseline 0.003 -25"><span class='ocrx_word' id='word_1_242' title='bbox 66 4287 125 4346; x_wconf 90' lang='lat' dir='ltr'>dem</span> <span class='ocrx_word' id='word_1_243' title='bbox 154 4289 306 4366; x_wconf 88' lang='lat' dir='ltr'>superatis</span> <span class='ocrx_word' id='word_1_244' title='bbox 333 4289 475 4351; x_wconf 90' lang='lat' dir='ltr'>omnibus</span> <span class='ocrx_word' id='word_1_245' title='bbox 503 4291 604 4362; x_wconf 89' lang='lat' dir='ltr'>bellis,</span> <span class='ocrx_word' id='word_1_246' title='bbox 619 4309 657 4351; x_wconf 87' lang='lat' dir='ltr'>ex</span> <span class='ocrx_word' id='word_1_247' title='bbox 679 4309 785 4351; x_wconf 88' lang='lat' dir='ltr'>eorum</span> <span class='ocrx_word' id='word_1_248' title='bbox 808 4310 957 4370; x_wconf 90' lang='lat' dir='ltr'>prospero</span> <span class='ocrx_word' id='word_1_249' title='bbox 978 4303 1089 4350; x_wconf 90' lang='lat' dir='ltr'>eventu</span> 
     </span>
     <span class='ocr_line' id='line_1_34' title="bbox 67 4381 1087 4468; baseline 0.002 -24"><span class='ocrx_word' id='word_1_250' title='bbox 67 4381 132 4446; x_wconf 82' lang='lat' dir='ltr'>fides</span> <span class='ocrx_word' id='word_1_251' title='bbox 153 4388 328 4448; x_wconf 86' lang='lat' dir='ltr'>Christiana</span> <span class='ocrx_word' id='word_1_252' title='bbox 355 4387 485 4448; x_wconf 78' lang='lat' dir='ltr'>exaltata</span> <span class='ocrx_word' id='word_1_253' title='bbox 512 4401 558 4448; x_wconf 86' lang='lat' dir='ltr'>est</span> <span class='ocrx_word' id='word_1_254' title='bbox 584 4388 644 4449; x_wconf 88' lang='lat' dir='ltr'>hoc</span> <span class='ocrx_word' id='word_1_255' title='bbox 662 4391 765 4450; x_wconf 89' lang='lat' dir='ltr'>modo.</span> <span class='ocrx_word' id='word_1_256' title='bbox 790 4391 854 4468; x_wconf 80' lang='lat' dir='ltr'>Ego</span> <span class='ocrx_word' id='word_1_257' title='bbox 877 4389 1087 4458; x_wconf 78' lang='lat' dir='ltr'>boamundus,</span> 
     </span>
    </p>
   </div>
   <div class='ocr_carea' id='block_1_8' title="bbox 0 0 1574 5514">
    <p class='ocr_par' dir='ltr' id='par_1_8' title="bbox 0 0 1574 5514">
     <span class='ocr_line' id='line_1_35' title="bbox 0 0 1574 5514; baseline 0 0"><span class='ocrx_word' id='word_1_258' title='bbox 0 0 1574 5514; x_wconf 95' lang='lat' dir='ltr'> </span> 
     </span>
    </p>
   </div>
  </div>
 </body>
</html>
