3130 5514
560 601 606 696 98
748 619 859 672 noros
881 619 926 672 nr
948 603 1079 672 rrnnrrs
1101 603 1409 684 rncniotoorouns

560 861 631 924 bert
650 859 672 942 ¹,
688 859 765 924 c’est
780 857 887 924 Henri
903 857 949 940 11,
964 857 1146 922 -donner
1168 858 1187 921 i
1207 855 1294 922 tnint
1307 837 1422 921 sstienr

558 965 699 1032 mirsion
726 965 767 1030 de
793 979 904 1050 porter
925 981 1003 1028 avec
1025 961 1074 1028 lui
1101 963 1134 1028 la
1163 963 1256 1028 lance
1281 967 1392 1028 sncree
1420 1009 1422 1024 .

559 1071 749 1156 imperatori
762 1089 831 1136 mos
845 1079 904 1152 ert,
921 1069 1005 1136 mnis
1025 1069 1103 1134 c'est
1117 1089 1159 1134 en
1171 1069 1248 1134 vain
1266 1069 1348 1154 qu'il
1363 1089 1405 1134 en
1421 1113 1422 1128 ,

558 1179 591 1244 in
604 1194 702 1244 truce.
719 1177 780 1257 Or,
794 1177 942 1262 Sigebert
953 1177 994 1240 de
1002 1175 1191 1242 Gembioux
1204 1175 1215 1204 ¹
1230 1195 1315 1240 nous
1332 1195 1422 1260 nppn

563 1290 656 1372 1043,
675 1289 799 1368 Abbns,
815 1287 866 1354 roi
887 1289 927 1352 de
944 1285 1107 1372 Hongrie‚
1122 1289 1238 1353 s'etnnt
1258 1287 1395 1370 revolte,
1417 1287 1422 1352 i

559 1397 692 1478 penetro
714 1415 756 1460 en
770 1395 922 1480 Hongrie
941 1419 957 1455 ι
979 1409 1011 1458 et
1027 1393 1190 1460 Lnncenm
1211 1393 1380 1480 insignem
1398 1415 1422 1458 rt

558 1501 607 1586 pit
632 1525 660 1566 ι.
688 1501 717 1566 11
739 1503 822 1568 n’ert
846 1503 935 1566 donc
955 1521 1013 1586 pos
1036 1505 1195 1568 etonnnnt
1215 1501 1297 1586 qn’ii
1323 1502 1401 1566 n'en

559 1607 714 1692 question
728 1609 811 1674 dens
827 1605 998 1674 l'histoire.

598 1849 750 1916 D'autrer
766 1847 967 1914 sanctuniree
988 1865 1022 1912 se
1040 1845 1212 1912 venterent
1233 1863 1354 1910 encore
1373 1846 1415 1910 de

557 1955 590 2022 in
603 1957 707 2038 lance,
720 1975 766 2020 ou
780 1957 826 2020 du
838 1955 949 2022 moins
961 1955 1001 2020 de
1015 1975 1067 2020 ses
1079 1953 1268 2040 fragments,
1280 1971 1368 2018 nous
1379 1971 1422 2016 no

557 2063 605 2128 les
620 2063 815 2148 principnux
828 2083 904 2128 sans
917 2083 1003 2128 nous
1017 2083 1039 2148 y
1051 2065 1183 2142 arroter,
1197 2075 1382 2145 renvoyant
1396 2079 1422 2124 nr

556 2169 654 2234 trites
668 2170 726 2254 qni
738 2171 786 2236 ies
798 2171 1048 2236 mentionnent:
1063 2168 1155 2234 telles
1170 2167 1218 2232 les
1230 2167 1348 2252 eglises
1359 2167 1422 2232 d’n

559 2276 747 2358 Ciairvnux,
775 2277 815 2340 de
831 2277 970 2352 Nnmun
992 2277 1033 2340 de
1048 2273 1300 2350 saint-Claude,
1322 2292 1400 2337 sans

562 2381 661 2448 celles
685 2383 845 2468 signnlees
865 2403 925 2468 par
945 2381 1075 2464 Calvin,
1091 2381 1172 2466 qu'il
1192 2397 1241 2446 est
1258 2381 1377 2446 inutile
1392 2381 1422 2444 dr

562 2509 617 2556 rer.

602 2595 646 2660 Et
665 2593 806 2678 pnisqne
829 2593 882 2677 j'ni
902 2599 990 2659 tenti
1016 2595 1057 2659 de
1084 2595 1197 2660 reunir
1219 2611 1295 2660 tous
1321 2593 1371 2658 les
1399 2595 1420 2657 d

562 2701 718 2767 relatiisi
735 2701 767 2768 ln
783 2702 887 2767 sainte
908 2701 1027 2780 Lance,
1045 2701 1069 2766 il
1086 2723 1127 2766 en
1144 2719 1253 2768 estun
1275 2701 1409 2766 dernier

560 2809 832 2896 qu'nppnrtennnt
858 2809 928 2874 ila
956 2809 1073 2894 magio,
1097 2825 1212 2874 trouve
1231 2829 1267 2874 sn
1286 2809 1379 2894 place
1404 2823 1422 2872 t«

560 2917 769 2986 tenemento
790 2915 822 2980 la
835 2915 883 2980 fin
905 2916 945 2980 de
965 2931 1047 2980 cette
1071 2917 1178 2981 etnde.
1196 2917 1284 2982 C’est
1307 2915 1422 2980 lomes

560 3025 646 3112 pinie
665 3027 711 3090 du
734 3024 806 3088 cote
825 3024 871 3088 dn
886 3023 1011 3106 Christ,
1034 3023 1110 3089 inite
1132 3043 1191 3109 par
1211 3023 1243 3088 ln
1256 3023 1362 3104 lance,
1388 3043 1422 3106 qr

865 3671 960 3719 nesure
974 3669 1004 3716 de
1017 3669 1040 3718 ln
1052 3669 1113 3728 plrie
1127 3669 1160 3718 dn
1175 3669 1268 3718 Christ.

560 3895 645 3960 pour
659 3896 705 3941 un
719 3875 872 3941 talismnn
887 3875 1056 3940 tellement
1070 3874 1273 3940 miraculeux
1286 3893 1351 3959 que
1365 3874 1393 3938 si
1408 3895 1422 3957 q

560 3983 592 4046 la
608 3983 729 4066 portait
751 4007 767 4042 α
791 4003 851 4046 nec
873 3981 971 4066 ignis,
996 4001 1056 4046 nec
1077 4001 1172 4066 aqua,
1197 4002 1257 4046 nec
1276 3997 1403 4062 ventus,

559 4103 678 4173 pestes,
695 4107 755 4152 nec
770 4087 893 4166 lancea,
905 4109 966 4154 nec
980 4087 1079 4168 ensis,
1093 4109 1153 4153 nec
1163 4087 1316 4153 diabolus
1331 4087 1422 4172 possi

595 4317 616 4354 1.
643 4301 694 4368 Ap.
729 4301 816 4364 Pertz,
848 4300 961 4369 Script„
988 4301 1033 4365 IV,
1146 4316 1171 4354 n.
1204 4301 1422 4369 Chronograpiir

560 4405 588 4458 p.
603 4389 665 4442 810.
679 4391 708 4442 P.
722 4389 741 4456 j.
755 4387 797 4458 39.
1115 4391 1213 4456 torino,
1226 4391 1248 4456 1,
1262 4407 1290 4458 p.
1305 4389 1367 4443 833.
1385 4391 1413 4442 P.
