<?xml version="1.0" encoding="UTF-8"?>
<!DOCTYPE html PUBLIC "-//W3C//DTD XHTML 1.0 Transitional//EN"
    "http://www.w3.org/TR/xhtml1/DTD/xhtml1-transitional.dtd">
<html xmlns="http://www.w3.org/1999/xhtml" xml:lang="en" lang="en">
 <head>
  <title>
</title>
<meta http-equiv="Content-Type" content="text/html;charset=utf-8" />
  <meta name='ocr-system' content='tesseract 3.04.00' />
  <meta name='ocr-capabilities' content='ocr_page ocr_carea ocr_par ocr_line ocrx_word'/>
</head>
<body>
  <div class='ocr_page' id='page_1' title='image "./exuvisacrconsta00mlgoog_0177.png"; bbox 0 0 3130 5514; ppageno 0'>
   <div class='ocr_carea' id='block_1_1' title="bbox 418 631 1091 704">
    <p class='ocr_par' dir='ltr' id='par_1_1' title="bbox 418 631 1091 704">
     <span class='ocr_line' id='line_1_1' title="bbox 418 631 1091 704; baseline -0.001 -1"><span class='ocrx_word' id='word_1_1' title='bbox 418 653 463 703; x_wconf 77' lang='lat' dir='ltr'>ne</span> <span class='ocrx_word' id='word_1_2' title='bbox 486 651 609 704; x_wconf 78' lang='lat' dir='ltr'>snvuvn</span> <span class='ocrx_word' id='word_1_3' title='bbox 631 652 744 703; x_wconf 80' lang='lat' dir='ltr'>neuen</span> <span class='ocrx_word' id='word_1_4' title='bbox 1028 631 1091 702; x_wconf 79' lang='lat'>163</span> 
     </span>
    </p>
   </div>
   <div class='ocr_carea' id='block_1_2' title="bbox 88 887 1096 1246">
    <p class='ocr_par' dir='ltr' id='par_1_2' title="bbox 88 887 1096 1246">
     <span class='ocr_line' id='line_1_2' title="bbox 88 887 1094 967; baseline -0.003 -19"><span class='ocrx_word' id='word_1_5' title='bbox 88 890 214 949; x_wconf 70' lang='lat' dir='ltr'>liuvae</span> <span class='ocrx_word' id='word_1_6' title='bbox 227 891 326 950; x_wconf 85' lang='lat' dir='ltr'>Gestis</span> <span class='ocrx_word' id='word_1_7' title='bbox 351 889 572 949; x_wconf 66' lang='lat' dir='ltr'>Gallorum-</span> <span class='ocrx_word' id='word_1_8' title='bbox 594 889 668 948; x_wconf 91' lang='lat' dir='ltr'>Otto</span> <span class='ocrx_word' id='word_1_9' title='bbox 692 907 740 966; x_wconf 87' lang='lat' dir='ltr'>ep.</span> <span class='ocrx_word' id='word_1_10' title='bbox 763 887 948 967; x_wconf 79' lang='lat' dir='ltr'>Frisingeno.</span> <span class='ocrx_word' id='word_1_11' title='bbox 981 889 1034 948; x_wconf 91' lang='lat' dir='ltr'>lib.</span> <span class='ocrx_word' id='word_1_12' title='bbox 1065 888 1094 963; x_wconf 84' lang='grc'>3,</span> 
     </span>
     <span class='ocr_line' id='line_1_3' title="bbox 90 985 1093 1064; baseline -0.002 -18"><span class='ocrx_word' id='word_1_13' title='bbox 90 988 394 1064; x_wconf 73' lang='lat' dir='ltr'>ciet7.-Luterius</span> <span class='ocrx_word' id='word_1_14' title='bbox 406 989 444 1047; x_wconf 88' lang='lat' dir='ltr'>de</span> <span class='ocrx_word' id='word_1_15' title='bbox 455 988 580 1047; x_wconf 87' lang='lat' dir='ltr'>Conctis</span> <span class='ocrx_word' id='word_1_16' title='bbox 596 989 684 1046; x_wconf 93' lang='lat' dir='ltr'>lnno.</span> <span class='ocrx_word' id='word_1_17' title='bbox 701 989 744 1046; x_wconf 93' lang='lat' dir='ltr'>lll</span> <span class='ocrx_word' id='word_1_18' title='bbox 760 989 798 1048; x_wconf 84' lang='lat' dir='ltr'>dc</span> <span class='ocrx_word' id='word_1_19' title='bbox 814 987 977 1047; x_wconf 83' lang='lat' dir='ltr'>Comites.</span> <span class='ocrx_word' id='word_1_20' title='bbox 995 985 1093 1046; x_wconf 76' lang='lat' dir='ltr'>Pauli.</span> 
     </span>
     <span class='ocr_line' id='line_1_4' title="bbox 90 1085 1096 1163; baseline 0 -19"><span class='ocrx_word' id='word_1_21' title='bbox 90 1117 119 1130; x_wconf 96' lang='lat'>-</span> <span class='ocrx_word' id='word_1_22' title='bbox 129 1087 279 1162; x_wconf 75' lang='lat' dir='ltr'>Pontinus,</span> <span class='ocrx_word' id='word_1_23' title='bbox 293 1087 326 1146; x_wconf 91' lang='lat' dir='ltr'>in</span> <span class='ocrx_word' id='word_1_24' title='bbox 337 1087 480 1163; x_wconf 86' lang='lat' dir='ltr'>Epitome</span> <span class='ocrx_word' id='word_1_25' title='bbox 491 1087 606 1146; x_wconf 78' lang='lat' dir='ltr'>cardin.</span> <span class='ocrx_word' id='word_1_26' title='bbox 622 1099 652 1145; x_wconf 90' lang='lat' dir='ltr'>et</span> <span class='ocrx_word' id='word_1_27' title='bbox 660 1087 691 1144; x_wconf 89' lang='lat' dir='ltr'>in</span> <span class='ocrx_word' id='word_1_28' title='bbox 707 1087 825 1146; x_wconf 84' lang='lat' dir='ltr'>Histor.</span> <span class='ocrx_word' id='word_1_29' title='bbox 838 1085 1051 1162; x_wconf 77' lang='lat' dir='ltr'>Protospttlue</span> <span class='ocrx_word' id='word_1_30' title='bbox 1065 1095 1096 1144; x_wconf 88' lang='lat' dir='ltr'>et</span> 
     </span>
     <span class='ocr_line' id='line_1_5' title="bbox 92 1183 883 1246; baseline -0.003 -4"><span class='ocrx_word' id='word_1_31' title='bbox 92 1185 147 1244; x_wconf 83' lang='lat' dir='ltr'>Nic.</span> <span class='ocrx_word' id='word_1_32' title='bbox 158 1187 222 1246; x_wconf 81' lang='lat' dir='ltr'>Ant</span> <span class='ocrx_word' id='word_1_33' title='bbox 236 1185 274 1245; x_wconf 87' lang='lat' dir='ltr'>de</span> <span class='ocrx_word' id='word_1_34' title='bbox 284 1183 449 1244; x_wconf 80' lang='lat' dir='ltr'>Fridericis</span> <span class='ocrx_word' id='word_1_35' title='bbox 469 1185 502 1244; x_wconf 92' lang='lat' dir='ltr'>in</span> <span class='ocrx_word' id='word_1_36' title='bbox 519 1183 677 1244; x_wconf 83' lang='lat' dir='ltr'>Selinunte</span> <span class='ocrx_word' id='word_1_37' title='bbox 692 1183 852 1246; x_wconf 79' lang='lat' dir='ltr'>illustrate.</span> <span class='ocrx_word' id='word_1_38' title='bbox 870 1205 883 1240; x_wconf 80' lang='grc' dir='ltr'><strong>ι</strong></span> 
     </span>
    </p>
   </div>
   <div class='ocr_carea' id='block_1_3' title="bbox 88 1389 1119 3828">
    <p class='ocr_par' dir='ltr' id='par_1_3' title="bbox 88 1389 1104 2095">
     <span class='ocr_line' id='line_1_6' title="bbox 125 1389 1098 1476; baseline 0 -22"><span class='ocrx_word' id='word_1_39' title='bbox 125 1389 175 1466; x_wconf 82' lang='lat' dir='ltr'>Or,</span> <span class='ocrx_word' id='word_1_40' title='bbox 189 1390 215 1456; x_wconf 81' lang='lat' dir='ltr'>ci</span> <span class='ocrx_word' id='word_1_41' title='bbox 241 1391 274 1456; x_wconf 80' lang='lat' dir='ltr'>lo</span> <span class='ocrx_word' id='word_1_42' title='bbox 298 1391 489 1476; x_wconf 77' lang='lat' dir='ltr'>chronique</span> <span class='ocrx_word' id='word_1_43' title='bbox 511 1392 551 1456; x_wconf 89' lang='lat' dir='ltr'>de</span> <span class='ocrx_word' id='word_1_44' title='bbox 567 1390 716 1476; x_wconf 79' lang='lat' dir='ltr'>Sigebert</span> <span class='ocrx_word' id='word_1_45' title='bbox 738 1408 787 1456; x_wconf 84' lang='lat' dir='ltr'>est</span> <span class='ocrx_word' id='word_1_46' title='bbox 807 1391 885 1457; x_wconf 85' lang='lat' dir='ltr'>bien</span> <span class='ocrx_word' id='word_1_47' title='bbox 910 1409 1052 1466; x_wconf 82' lang='lat' dir='ltr'>conone,</span> <span class='ocrx_word' id='word_1_48' title='bbox 1069 1389 1098 1454; x_wconf 82' lang='lat' dir='ltr'>si</span> 
     </span>
     <span class='ocr_line' id='line_1_7' title="bbox 89 1496 1099 1584; baseline 0 -24"><span class='ocrx_word' id='word_1_49' title='bbox 89 1497 207 1562; x_wconf 78' lang='lat' dir='ltr'>Ainoin</span> <span class='ocrx_word' id='word_1_50' title='bbox 226 1515 274 1562; x_wconf 83' lang='lat' dir='ltr'>est</span> <span class='ocrx_word' id='word_1_51' title='bbox 288 1499 386 1574; x_wconf 76' lang='lat' dir='ltr'>edire,</span> <span class='ocrx_word' id='word_1_52' title='bbox 406 1499 434 1561; x_wconf 85' lang='lat' dir='ltr'>si</span> <span class='ocrx_word' id='word_1_53' title='bbox 453 1498 593 1562; x_wconf 82' lang='lat' dir='ltr'>derriere</span> <span class='ocrx_word' id='word_1_54' title='bbox 607 1499 638 1562; x_wconf 87' lang='lat' dir='ltr'>le</span> <span class='ocrx_word' id='word_1_55' title='bbox 660 1517 738 1564; x_wconf 87' lang='lat' dir='ltr'>nom</span> <span class='ocrx_word' id='word_1_56' title='bbox 755 1499 872 1584; x_wconf 77' lang='lat' dir='ltr'>ignore</span> <span class='ocrx_word' id='word_1_57' title='bbox 885 1499 927 1562; x_wconf 86' lang='lat' dir='ltr'>de</span> <span class='ocrx_word' id='word_1_58' title='bbox 944 1496 1099 1563; x_wconf 80' lang='lat' dir='ltr'>Lutarius</span> 
     </span>
     <span class='ocr_line' id='line_1_8' title="bbox 91 1601 1100 1688; baseline 0 -22"><span class='ocrx_word' id='word_1_59' title='bbox 91 1603 126 1666; x_wconf 86' lang='lat' dir='ltr'>de</span> <span class='ocrx_word' id='word_1_60' title='bbox 137 1603 265 1670; x_wconf 85' lang='lat' dir='ltr'>Conctis</span> <span class='ocrx_word' id='word_1_61' title='bbox 292 1625 338 1669; x_wconf 92' lang='lat' dir='ltr'>on</span> <span class='ocrx_word' id='word_1_62' title='bbox 365 1620 444 1688; x_wconf 87' lang='lat' dir='ltr'>peut</span> <span class='ocrx_word' id='word_1_63' title='bbox 466 1607 672 1668; x_wconf 80' lang='lat' dir='ltr'>reconnaitre</span> <span class='ocrx_word' id='word_1_64' title='bbox 688 1605 866 1670; x_wconf 80' lang='lat' dir='ltr'>Lothurius</span> <span class='ocrx_word' id='word_1_65' title='bbox 880 1604 1054 1684; x_wconf 79' lang='lat' dir='ltr'>diaconus,</span> <span class='ocrx_word' id='word_1_66' title='bbox 1069 1601 1100 1666; x_wconf 90' lang='lat' dir='ltr'>le</span> 
     </span>
     <span class='ocr_line' id='line_1_9' title="bbox 89 1709 1102 1797; baseline 0 -23"><span class='ocrx_word' id='word_1_67' title='bbox 89 1727 160 1793; x_wconf 79' lang='lat' dir='ltr'>pepe</span> <span class='ocrx_word' id='word_1_68' title='bbox 173 1713 334 1776; x_wconf 89' lang='lat' dir='ltr'>lnnocent</span> <span class='ocrx_word' id='word_1_69' title='bbox 358 1711 423 1790; x_wconf 91' lang='lat' dir='ltr'>lll,</span> <span class='ocrx_word' id='word_1_70' title='bbox 440 1709 467 1774; x_wconf 89' lang='lat' dir='ltr'>si</span> <span class='ocrx_word' id='word_1_71' title='bbox 493 1710 674 1776; x_wconf 82' lang='lat' dir='ltr'>Panvinius</span> <span class='ocrx_word' id='word_1_72' title='bbox 694 1711 804 1776; x_wconf 79' lang='lat' dir='ltr'>abien</span> <span class='ocrx_word' id='word_1_73' title='bbox 823 1711 936 1797; x_wconf 84' lang='lat' dir='ltr'>publie</span> <span class='ocrx_word' id='word_1_74' title='bbox 958 1729 1024 1776; x_wconf 86' lang='lat' dir='ltr'>unc</span> <span class='ocrx_word' id='word_1_75' title='bbox 1044 1709 1102 1774; x_wconf 85' lang='lat' dir='ltr'>Vie</span> 
     </span>
     <span class='ocr_line' id='line_1_10' title="bbox 89 1815 1102 1906; baseline 0.008 -28"><span class='ocrx_word' id='word_1_76' title='bbox 89 1815 137 1880; x_wconf 81' lang='lat' dir='ltr'>des</span> <span class='ocrx_word' id='word_1_77' title='bbox 148 1819 351 1902; x_wconf 82' lang='lat' dir='ltr'>Cordinaux,</span> <span class='ocrx_word' id='word_1_78' title='bbox 371 1819 451 1884; x_wconf 82' lang='lat' dir='ltr'>chez</span> <span class='ocrx_word' id='word_1_79' title='bbox 469 1839 579 1884; x_wconf 85' lang='lat' dir='ltr'>oucun</span> <span class='ocrx_word' id='word_1_80' title='bbox 602 1821 697 1886; x_wconf 85' lang='lat' dir='ltr'>d’eux</span> <span class='ocrx_word' id='word_1_81' title='bbox 718 1821 748 1906; x_wconf 83' lang='lat' dir='ltr'>je</span> <span class='ocrx_word' id='word_1_82' title='bbox 769 1822 834 1886; x_wconf 83' lang='lat' dir='ltr'>n&#39;oi</span> <span class='ocrx_word' id='word_1_83' title='bbox 859 1822 1043 1906; x_wconf 83' lang='lat' dir='ltr'>cependent</span> <span class='ocrx_word' id='word_1_84' title='bbox 1056 1839 1102 1906; x_wconf 87' lang='lat' dir='ltr'>pu</span> 
     </span>
     <span class='ocr_line' id='line_1_11' title="bbox 89 1926 1104 2012; baseline 0.008 -26"><span class='ocrx_word' id='word_1_85' title='bbox 89 1938 204 1990; x_wconf 82' lang='lat' dir='ltr'>trouver</span> <span class='ocrx_word' id='word_1_86' title='bbox 220 1941 307 1991; x_wconf 79' lang='lat' dir='ltr'>truce</span> <span class='ocrx_word' id='word_1_87' title='bbox 328 1928 369 1991; x_wconf 88' lang='lat' dir='ltr'>de</span> <span class='ocrx_word' id='word_1_88' title='bbox 384 1926 524 2012; x_wconf 82' lang='lat' dir='ltr'>l&#39;apport</span> <span class='ocrx_word' id='word_1_89' title='bbox 536 1928 576 1992; x_wconf 90' lang='lat' dir='ltr'>de</span> <span class='ocrx_word' id='word_1_90' title='bbox 591 1927 623 1992; x_wconf 88' lang='lat' dir='ltr'>lu</span> <span class='ocrx_word' id='word_1_91' title='bbox 635 1928 745 1993; x_wconf 79' lang='lat' dir='ltr'>Lance</span> <span class='ocrx_word' id='word_1_92' title='bbox 759 1947 818 2012; x_wconf 81' lang='lat' dir='ltr'>par</span> <span class='ocrx_word' id='word_1_93' title='bbox 834 1928 940 1994; x_wconf 88' lang='lat' dir='ltr'>Henri</span> <span class='ocrx_word' id='word_1_94' title='bbox 955 1929 995 1994; x_wconf 87' lang='lat' dir='ltr'>dc</span> <span class='ocrx_word' id='word_1_95' title='bbox 1011 1927 1104 1994; x_wconf 79' lang='lat' dir='ltr'>Mez-</span> 
     </span>
     <span class='ocr_line' id='line_1_12' title="bbox 88 2048 165 2095; baseline 0.039 -3"><span class='ocrx_word' id='word_1_96' title='bbox 88 2048 165 2095; x_wconf 80' lang='lat' dir='ltr'>zero.</span> 
     </span>
    </p>

    <p class='ocr_par' dir='ltr' id='par_1_4' title="bbox 88 2138 1119 3828">
     <span class='ocr_line' id='line_1_13' title="bbox 127 2138 1105 2228; baseline 0.004 -26"><span class='ocrx_word' id='word_1_97' title='bbox 127 2138 289 2220; x_wconf 76' lang='lat' dir='ltr'>Prot-etro,</span> <span class='ocrx_word' id='word_1_98' title='bbox 309 2161 370 2225; x_wconf 84' lang='lat' dir='ltr'>por</span> <span class='ocrx_word' id='word_1_99' title='bbox 400 2141 557 2228; x_wconf 80' lang='lat' dir='ltr'>exemplo,</span> <span class='ocrx_word' id='word_1_100' title='bbox 583 2141 749 2208; x_wconf 70' lang='lat' dir='ltr'>etaientce</span> <span class='ocrx_word' id='word_1_101' title='bbox 771 2141 820 2206; x_wconf 80' lang='lat' dir='ltr'>leo</span> <span class='ocrx_word' id='word_1_102' title='bbox 844 2159 954 2208; x_wconf 81' lang='lat' dir='ltr'><strong>autres</strong></span> <span class='ocrx_word' id='word_1_103' title='bbox 972 2157 1105 2208; x_wconf 75' lang='lat' dir='ltr'>auteurs</span> 
     </span>
     <span class='ocr_line' id='line_1_14' title="bbox 89 2243 1106 2334; baseline 0.008 -28"><span class='ocrx_word' id='word_1_104' title='bbox 89 2243 316 2328; x_wconf 57' lang='lat' dir='ltr'>signamus</span> <span class='ocrx_word' id='word_1_105' title='bbox 326 2249 385 2332; x_wconf 93' lang='lat' dir='ltr'>qui</span> <span class='ocrx_word' id='word_1_106' title='bbox 393 2249 605 2332; x_wconf 83' lang='lat' dir='ltr'>munqunient</span> <span class='ocrx_word' id='word_1_107' title='bbox 616 2249 703 2313; x_wconf 82' lang='lat' dir='ltr'>alors</span> <span class='ocrx_word' id='word_1_108' title='bbox 711 2250 794 2314; x_wconf 88' lang='lat' dir='ltr'>duns</span> <span class='ocrx_word' id='word_1_109' title='bbox 803 2249 1106 2334; x_wconf 73' lang='lat' dir='ltr'>lcsBibliotheques</span> 
     </span>
     <span class='ocr_line' id='line_1_15' title="bbox 89 2353 1105 2440; baseline 0 -20"><span class='ocrx_word' id='word_1_110' title='bbox 89 2357 128 2420; x_wconf 82' lang='lat' dir='ltr'>tle</span> <span class='ocrx_word' id='word_1_111' title='bbox 140 2353 235 2432; x_wconf 81' lang='lat' dir='ltr'>Poris,</span> <span class='ocrx_word' id='word_1_112' title='bbox 251 2355 334 2439; x_wconf 90' lang='lat' dir='ltr'>qu’il</span> <span class='ocrx_word' id='word_1_113' title='bbox 344 2356 447 2420; x_wconf 84' lang='lat' dir='ltr'>sullait</span> <span class='ocrx_word' id='word_1_114' title='bbox 460 2355 663 2440; x_wconf 81' lang='lat' dir='ltr'>interroger?</span> <span class='ocrx_word' id='word_1_115' title='bbox 675 2356 691 2419; x_wconf 88' lang='lat' dir='ltr'>J</span> <span class='ocrx_word' id='word_1_116' title='bbox 697 2355 736 2420; x_wconf 85' lang='lat' dir='ltr'>&#39;oi</span> <span class='ocrx_word' id='word_1_117' title='bbox 751 2357 839 2420; x_wconf 91' lang='lat' dir='ltr'>donc</span> <span class='ocrx_word' id='word_1_118' title='bbox 850 2355 930 2422; x_wconf 72' lang='lat' dir='ltr'>ecrit</span> <span class='ocrx_word' id='word_1_119' title='bbox 943 2376 984 2420; x_wconf 92' lang='lat' dir='ltr'>en</span> <span class='ocrx_word' id='word_1_120' title='bbox 1000 2355 1105 2438; x_wconf 76' lang='lat' dir='ltr'>italie,</span> 
     </span>
     <span class='ocr_line' id='line_1_16' title="bbox 88 2460 1109 2536; baseline -0.001 -8"><span class='ocrx_word' id='word_1_121' title='bbox 88 2467 106 2528; x_wconf 82' lang='lat' dir='ltr'>l</span> <span class='ocrx_word' id='word_1_122' title='bbox 135 2465 295 2530; x_wconf 74' lang='lat' dir='ltr'>l&#39;imincnt</span> <span class='ocrx_word' id='word_1_123' title='bbox 321 2463 459 2526; x_wconf 90' lang='lat' dir='ltr'>docteur</span> <span class='ocrx_word' id='word_1_124' title='bbox 487 2460 587 2536; x_wconf 79' lang='lat' dir='ltr'>Rani,</span> <span class='ocrx_word' id='word_1_125' title='bbox 612 2477 844 2526; x_wconf 85' lang='lat' dir='ltr'>conscrvoteur</span> <span class='ocrx_word' id='word_1_126' title='bbox 875 2464 917 2528; x_wconf 90' lang='lat' dir='ltr'>de</span> <span class='ocrx_word' id='word_1_127' title='bbox 939 2463 1109 2530; x_wconf 79' lang='lat' dir='ltr'>l&#39;llmbro·</span> 
     </span>
     <span class='ocr_line' id='line_1_17' title="bbox 89 2567 1109 2649; baseline 0 -15"><span class='ocrx_word' id='word_1_128' title='bbox 89 2571 191 2636; x_wconf 76' lang='lat' dir='ltr'>tienne</span> <span class='ocrx_word' id='word_1_129' title='bbox 208 2573 249 2635; x_wconf 86' lang='lat' dir='ltr'>de</span> <span class='ocrx_word' id='word_1_130' title='bbox 267 2569 395 2649; x_wconf 85' lang='lat' dir='ltr'>Milan;</span> <span class='ocrx_word' id='word_1_131' title='bbox 414 2569 479 2632; x_wconf 73' lang='lat' dir='ltr'>tres</span> <span class='ocrx_word' id='word_1_132' title='bbox 500 2567 732 2632; x_wconf 83' lang='lat' dir='ltr'>uimublement</span> <span class='ocrx_word' id='word_1_133' title='bbox 754 2568 779 2632; x_wconf 94' lang='lat' dir='ltr'>il</span> <span class='ocrx_word' id='word_1_134' title='bbox 800 2571 863 2634; x_wconf 81' lang='lat' dir='ltr'>m’o</span> <span class='ocrx_word' id='word_1_135' title='bbox 890 2569 1045 2634; x_wconf 69' lang='lat' dir='ltr'>conscilio</span> <span class='ocrx_word' id='word_1_136' title='bbox 1067 2571 1109 2634; x_wconf 89' lang='lat' dir='ltr'>de</span> 
     </span>
     <span class='ocr_line' id='line_1_18' title="bbox 88 2673 1109 2754; baseline -0.002 -12"><span class='ocrx_word' id='word_1_137' title='bbox 88 2677 270 2742; x_wconf 81' lang='lat' dir='ltr'>m&#39;edresser</span> <span class='ocrx_word' id='word_1_138' title='bbox 290 2695 333 2742; x_wconf 83' lang='lat' dir='ltr'>uu</span> <span class='ocrx_word' id='word_1_139' title='bbox 346 2689 460 2738; x_wconf 81' lang='lat' dir='ltr'><strong>savam</strong></span> <span class='ocrx_word' id='word_1_140' title='bbox 483 2673 648 2738; x_wconf 82' lang='lat' dir='ltr'>chunoine</span> <span class='ocrx_word' id='word_1_141' title='bbox 662 2674 696 2738; x_wconf 90' lang='lat' dir='ltr'>di</span> <span class='ocrx_word' id='word_1_142' title='bbox 717 2675 843 2754; x_wconf 75' lang='lat' dir='ltr'>Murco,</span> <span class='ocrx_word' id='word_1_143' title='bbox 859 2674 1109 2740; x_wconf 72' lang='lat' dir='ltr'>bibliothecuire</span> 
     </span>
     <span class='ocr_line' id='line_1_19' title="bbox 90 2781 1111 2866; baseline 0 -20"><span class='ocrx_word' id='word_1_144' title='bbox 90 2785 129 2847; x_wconf 92' lang='lat' dir='ltr'>de</span> <span class='ocrx_word' id='word_1_145' title='bbox 149 2785 178 2850; x_wconf 86' lang='lat' dir='ltr'>lo</span> <span class='ocrx_word' id='word_1_146' title='bbox 196 2783 274 2848; x_wconf 89' lang='lat' dir='ltr'>ville</span> <span class='ocrx_word' id='word_1_147' title='bbox 294 2783 336 2848; x_wconf 88' lang='lat' dir='ltr'>de</span> <span class='ocrx_word' id='word_1_148' title='bbox 363 2781 522 2862; x_wconf 83' lang='lat' dir='ltr'>Palerme,</span> <span class='ocrx_word' id='word_1_149' title='bbox 548 2781 606 2866; x_wconf 91' lang='lat' dir='ltr'>qui</span> <span class='ocrx_word' id='word_1_150' title='bbox 621 2782 686 2846; x_wconf 85' lang='lat' dir='ltr'>m&#39;o</span> <span class='ocrx_word' id='word_1_151' title='bbox 700 2781 851 2865; x_wconf 74' lang='lat' dir='ltr'>repondu</span> <span class='ocrx_word' id='word_1_152' title='bbox 866 2801 930 2866; x_wconf 87' lang='lat' dir='ltr'>que</span> <span class='ocrx_word' id='word_1_153' title='bbox 946 2782 1111 2848; x_wconf 80' lang='lat' dir='ltr'>Martinus</span> 
     </span>
     <span class='ocr_line' id='line_1_20' title="bbox 89 2887 1113 2972; baseline 0.003 -19"><span class='ocrx_word' id='word_1_154' title='bbox 89 2891 128 2953; x_wconf 89' lang='lat' dir='ltr'>de</span> <span class='ocrx_word' id='word_1_155' title='bbox 138 2891 266 2956; x_wconf 78' lang='lat' dir='ltr'>Cistello</span> <span class='ocrx_word' id='word_1_156' title='bbox 278 2889 328 2954; x_wconf 91' lang='lat' dir='ltr'>lui</span> <span class='ocrx_word' id='word_1_157' title='bbox 342 2889 577 2954; x_wconf 73' lang='lat' dir='ltr'>etaitinconnu</span> <span class='ocrx_word' id='word_1_158' title='bbox 592 2903 701 2972; x_wconf 87' lang='lat' dir='ltr'>etque</span> <span class='ocrx_word' id='word_1_159' title='bbox 715 2887 747 2952; x_wconf 85' lang='lat' dir='ltr'>la</span> <span class='ocrx_word' id='word_1_160' title='bbox 758 2888 930 2954; x_wconf 80' lang='lat' dir='ltr'><em>Selinunte</em></span> <span class='ocrx_word' id='word_1_161' title='bbox 944 2891 1113 2956; x_wconf 76' lang='lat' dir='ltr'>illustrata</span> 
     </span>
     <span class='ocr_line' id='line_1_21' title="bbox 90 2993 1113 3064; baseline 0.004 -5"><span class='ocrx_word' id='word_1_162' title='bbox 90 2997 192 3062; x_wconf 85' lang='lat' dir='ltr'>d’llnt.</span> <span class='ocrx_word' id='word_1_163' title='bbox 225 2997 301 3063; x_wconf 88' lang='lat' dir='ltr'>Nic.</span> <span class='ocrx_word' id='word_1_164' title='bbox 323 2997 364 3060; x_wconf 87' lang='lat' dir='ltr'>de</span> <span class='ocrx_word' id='word_1_165' title='bbox 386 2995 568 3060; x_wconf 87' lang='lat' dir='ltr'>Fredericis</span> <span class='ocrx_word' id='word_1_166' title='bbox 593 2995 669 3059; x_wconf 78' lang='lat' dir='ltr'>eruit</span> <span class='ocrx_word' id='word_1_167' title='bbox 692 2993 768 3058; x_wconf 87' lang='lat' dir='ltr'>bien</span> <span class='ocrx_word' id='word_1_168' title='bbox 783 3014 825 3059; x_wconf 91' lang='lat' dir='ltr'>en</span> <span class='ocrx_word' id='word_1_169' title='bbox 844 2995 956 3060; x_wconf 70' lang='lat' dir='ltr'>realize</span> <span class='ocrx_word' id='word_1_170' title='bbox 977 2997 1060 3062; x_wconf 85' lang='lat' dir='ltr'>dtus</span> <span class='ocrx_word' id='word_1_171' title='bbox 1077 3015 1113 3064; x_wconf 80' lang='lat' dir='ltr'>se</span> 
     </span>
     <span class='ocr_line' id='line_1_22' title="bbox 90 3101 1114 3190; baseline 0.004 -26"><span class='ocrx_word' id='word_1_172' title='bbox 90 3103 319 3188; x_wconf 64' lang='lat' dir='ltr'>bibliotheque,</span> <span class='ocrx_word' id='word_1_173' title='bbox 340 3102 511 3187; x_wconf 71' lang='lat' dir='ltr'>catalogue</span> <span class='ocrx_word' id='word_1_174' title='bbox 534 3121 614 3166; x_wconf 83' lang='lat' dir='ltr'>sous</span> <span class='ocrx_word' id='word_1_175' title='bbox 638 3101 670 3166; x_wconf 89' lang='lat' dir='ltr'>le</span> <span class='ocrx_word' id='word_1_176' title='bbox 691 3115 728 3166; x_wconf 86' lang='lat' dir='ltr'>n⁰</span> <span class='ocrx_word' id='word_1_177' title='bbox 755 3101 820 3186; x_wconf 91' lang='lat' dir='ltr'>Qq.</span> <span class='ocrx_word' id='word_1_178' title='bbox 838 3101 880 3166; x_wconf 93' lang='lat' dir='ltr'>D.</span> <span class='ocrx_word' id='word_1_179' title='bbox 898 3103 997 3188; x_wconf 85' lang='lat'>36,70</span> <span class='ocrx_word' id='word_1_180' title='bbox 1013 3119 1045 3170; x_wconf 92' lang='lat' dir='ltr'>et</span> <span class='ocrx_word' id='word_1_181' title='bbox 1059 3125 1114 3190; x_wconf 82' lang='lat'>71,</span> 
     </span>
     <span class='ocr_line' id='line_1_23' title="bbox 92 3207 1115 3295; baseline 0.005 -23"><span class='ocrx_word' id='word_1_182' title='bbox 92 3209 169 3274; x_wconf 78' lang='lat' dir='ltr'>meis</span> <span class='ocrx_word' id='word_1_183' title='bbox 181 3211 259 3295; x_wconf 86' lang='lat' dir='ltr'>qu’il</span> <span class='ocrx_word' id='word_1_184' title='bbox 274 3230 316 3274; x_wconf 89' lang='lat' dir='ltr'>ne</span> <span class='ocrx_word' id='word_1_185' title='bbox 336 3209 504 3274; x_wconf 81' lang='lat' dir='ltr'>contenuit</span> <span class='ocrx_word' id='word_1_186' title='bbox 524 3227 634 3274; x_wconf 81' lang='lat' dir='ltr'>aucun</span> <span class='ocrx_word' id='word_1_187' title='bbox 655 3207 920 3292; x_wconf 83' lang='lat' dir='ltr'>renseignement</span> <span class='ocrx_word' id='word_1_188' title='bbox 935 3231 992 3276; x_wconf 76' lang='lat' dir='ltr'>rur</span> <span class='ocrx_word' id='word_1_189' title='bbox 1007 3211 1115 3276; x_wconf 87' lang='lat' dir='ltr'>Henrl</span> 
     </span>
     <span class='ocr_line' id='line_1_24' title="bbox 92 3315 1112 3404; baseline 0.007 -28"><span class='ocrx_word' id='word_1_190' title='bbox 92 3315 130 3376; x_wconf 89' lang='lat' dir='ltr'>de</span> <span class='ocrx_word' id='word_1_191' title='bbox 159 3317 314 3380; x_wconf 70' lang='lat' dir='ltr'>Mentora.</span> <span class='ocrx_word' id='word_1_192' title='bbox 344 3315 441 3380; x_wconf 84' lang='lat' dir='ltr'>Nous</span> <span class='ocrx_word' id='word_1_193' title='bbox 468 3335 509 3380; x_wconf 88' lang='lat' dir='ltr'>ne</span> <span class='ocrx_word' id='word_1_194' title='bbox 537 3334 691 3399; x_wconf 89' lang='lat' dir='ltr'>pouvons</span> <span class='ocrx_word' id='word_1_195' title='bbox 719 3316 818 3392; x_wconf 88' lang='lat' dir='ltr'>donc,</span> <span class='ocrx_word' id='word_1_196' title='bbox 830 3315 959 3402; x_wconf 79' lang='lat' dir='ltr'>jusqu’l</span> <span class='ocrx_word' id='word_1_197' title='bbox 970 3320 1112 3404; x_wconf 73' lang='lat' dir='ltr'>present,</span> 
     </span>
     <span class='ocr_line' id='line_1_25' title="bbox 93 3421 1119 3501; baseline 0.007 -18"><span class='ocrx_word' id='word_1_198' title='bbox 93 3433 215 3486; x_wconf 85' lang='lat' dir='ltr'>trouver</span> <span class='ocrx_word' id='word_1_199' title='bbox 229 3443 338 3488; x_wconf 77' lang='lat' dir='ltr'>aucun</span> <span class='ocrx_word' id='word_1_200' title='bbox 362 3421 650 3501; x_wconf 63' lang='lat' dir='ltr'>&amp;claircissemenu</span> <span class='ocrx_word' id='word_1_201' title='bbox 661 3436 693 3486; x_wconf 85' lang='lat' dir='ltr'>et</span> <span class='ocrx_word' id='word_1_202' title='bbox 707 3421 731 3486; x_wconf 93' lang='lat' dir='ltr'>il</span> <span class='ocrx_word' id='word_1_203' title='bbox 747 3441 834 3487; x_wconf 85' lang='lat' dir='ltr'>nous</span> <span class='ocrx_word' id='word_1_204' title='bbox 846 3423 916 3489; x_wconf 82' lang='lat' dir='ltr'>faut</span> <span class='ocrx_word' id='word_1_205' title='bbox 930 3443 1017 3490; x_wconf 80' lang='lat' dir='ltr'>nous</span> <span class='ocrx_word' id='word_1_206' title='bbox 1035 3443 1119 3490; x_wconf 90' lang='lat' dir='ltr'>con·</span> 
     </span>
     <span class='ocr_line' id='line_1_26' title="bbox 95 3528 1118 3613; baseline 0.008 -25"><span class='ocrx_word' id='word_1_207' title='bbox 95 3541 190 3592; x_wconf 84' lang='lat' dir='ltr'>tenter</span> <span class='ocrx_word' id='word_1_208' title='bbox 209 3529 249 3594; x_wconf 88' lang='lat' dir='ltr'>de</span> <span class='ocrx_word' id='word_1_209' title='bbox 276 3529 481 3613; x_wconf 87' lang='lat' dir='ltr'>reproduire,</span> <span class='ocrx_word' id='word_1_210' title='bbox 501 3547 578 3592; x_wconf 81' lang='lat' dir='ltr'>sans</span> <span class='ocrx_word' id='word_1_211' title='bbox 599 3528 865 3606; x_wconf 60' lang='lat' dir='ltr'>commentaires2</span> <span class='ocrx_word' id='word_1_212' title='bbox 886 3529 919 3596; x_wconf 81' lang='lat' dir='ltr'>la</span> <span class='ocrx_word' id='word_1_213' title='bbox 942 3531 1075 3598; x_wconf 81' lang='lat' dir='ltr'>version</span> <span class='ocrx_word' id='word_1_214' title='bbox 1089 3531 1118 3596; x_wconf 81' lang='lat' dir='ltr'>ei</span> 
     </span>
     <span class='ocr_line' id='line_1_27' title="bbox 96 3633 1119 3724; baseline 0.015 -32"><span class='ocrx_word' id='word_1_215' title='bbox 96 3633 237 3698; x_wconf 82' lang='lat' dir='ltr'>nouvelle</span> <span class='ocrx_word' id='word_1_216' title='bbox 262 3637 304 3700; x_wconf 87' lang='lat' dir='ltr'>de</span> <span class='ocrx_word' id='word_1_217' title='bbox 333 3635 430 3717; x_wconf 86' lang='lat' dir='ltr'>Pirri,</span> <span class='ocrx_word' id='word_1_218' title='bbox 458 3637 562 3719; x_wconf 87' lang='lat' dir='ltr'>qu&#39;un</span> <span class='ocrx_word' id='word_1_219' title='bbox 587 3635 777 3701; x_wconf 78' lang='lat' dir='ltr'>travailleur</span> <span class='ocrx_word' id='word_1_220' title='bbox 804 3637 1001 3720; x_wconf 82' lang='lat' dir='ltr'>porviendra</span> <span class='ocrx_word' id='word_1_221' title='bbox 1025 3654 1119 3724; x_wconf 86' lang='lat' dir='ltr'>peut·</span> 
     </span>
     <span class='ocr_line' id='line_1_28' title="bbox 98 3739 935 3828; baseline 0.016 -30"><span class='ocrx_word' id='word_1_222' title='bbox 98 3739 169 3824; x_wconf 75' lang='lat' dir='ltr'>erre,</span> <span class='ocrx_word' id='word_1_223' title='bbox 195 3742 275 3808; x_wconf 80' lang='lat' dir='ltr'>dens</span> <span class='ocrx_word' id='word_1_224' title='bbox 299 3741 447 3820; x_wconf 84' lang='lat' dir='ltr'>l&#39;tvenir,</span> <span class='ocrx_word' id='word_1_225' title='bbox 467 3742 487 3808; x_wconf 77' lang='lat' dir='ltr'>i</span> <span class='ocrx_word' id='word_1_226' title='bbox 507 3758 623 3808; x_wconf 88' lang='lat' dir='ltr'>mettre</span> <span class='ocrx_word' id='word_1_227' title='bbox 651 3761 693 3808; x_wconf 81' lang='lat' dir='ltr'>tu</span> <span class='ocrx_word' id='word_1_228' title='bbox 708 3743 803 3828; x_wconf 89' lang='lat' dir='ltr'>point</span> <span class='ocrx_word' id='word_1_229' title='bbox 815 3745 935 3812; x_wconf 77' lang='lat' dir='ltr'>desire.</span> 
     </span>
    </p>
   </div>
   <div class='ocr_carea' id='block_1_4' title="bbox 452 4091 753 4264">
    <p class='ocr_par' dir='ltr' id='par_1_5' title="bbox 452 4091 753 4264">
     <span class='ocr_line' id='line_1_29' title="bbox 452 4091 753 4264; baseline 0 0"><span class='ocrx_word' id='word_1_230' title='bbox 452 4091 753 4264; x_wconf 49' lang='lat' dir='ltr'><strong><em>w</em></strong></span> 
     </span>
    </p>
   </div>
   <div class='ocr_carea' id='block_1_5' title="bbox 0 0 1600 5514">
    <p class='ocr_par' dir='ltr' id='par_1_6' title="bbox 0 0 1600 5514">
     <span class='ocr_line' id='line_1_30' title="bbox 0 0 1600 5514; baseline 0 0"><span class='ocrx_word' id='word_1_231' title='bbox 0 0 1600 5514; x_wconf 95' lang='lat' dir='ltr'> </span> 
     </span>
    </p>
   </div>
  </div>
 </body>
</html>
