3130 5514
452 636 499 685 ca
523 635 646 686 saturn
663 634 775 686 naues
1086 617 1130 707 93

102 873 305 930 conservanda
323 873 357 931 in
375 872 563 932 monasterio
577 873 777 948 Abendoniae,
792 891 862 950 quae
876 891 974 950 usque
992 872 1085 933 hodie
1098 872 1131 932 in

102 967 206 1026 eodem
218 969 407 1028 monasterio
419 981 648 1029 conservantur.
664 990 679 1024 s

137 1173 243 1253 Ainsi,
258 1175 445 1259 dl‘epoquc
455 1175 495 1238 de
504 1174 722 1256 laredaction,
736 1193 782 1239 on
796 1173 996 1239 connaissait
1010 1195 1129 1242 encore

101 1280 144 1344 les
164 1281 358 1366 reliquaires
371 1299 404 1347 et
416 1283 463 1347 les
475 1283 617 1368 reliques
628 1285 757 1347 donnes
771 1303 830 1367 par
843 1283 1027 1350 Athelstnn.

139 1387 305 1454 L’editeur
326 1389 437 1472 ajoute
457 1391 476 1454 d
496 1410 532 1453 ce
554 1405 639 1454 texte
659 1410 724 1454 une
744 1405 821 1453 note
847 1391 944 1454 :cln
960 1391 1026 1455 this
1040 1409 1129 1454 same

102 1497 303 1582 manuscript
322 1497 452 1580 (Cotton
470 1518 533 1562 ms.
561 1497 712 1563 Vitellius
728 1503 770 1562 A.
794 1499 859 1562 llll
866 1498 890 1582 Ι)
913 1512 945 1561 nt
966 1497 1028 1562 iol·
1042 1497 1083 1562 88
1096 1497 1128 1560 b.

102 1621 214 1668 occurs
228 1605 371 1672 another
383 1605 438 1670 list
452 1605 491 1669 oi
499 1604 590 1670 these
608 1622 768 1690 pressum,
781 1605 892 1670 which
906 1625 983 1690 may
997 1605 1037 1668 be
1051 1604 1128 1668 here

103 1711 270 1797 appended
284 1730 322 1775 as
335 1709 531 1776 illustrativc
544 1711 582 1776 ol
590 1711 646 1776 the
667 1727 743 1776 text.
762 1737 779 1770 »

138 1975 150 2008 ι
165 1953 223 2012 llic
237 1953 440 2028 [Eadwardus
453 1955 515 2028 rex]
533 1966 662 2030 quatuor
676 1953 783 2012 habuit
796 1953 885 2011 filias.
900 1953 1000 2011 Unam
1014 1951 1129 2011 Othoni

103 2050 273 2126 imperatori
299 2051 395 2124 dedit,
419 2051 509 2109 aliam
531 2051 653 2110 cuidam
676 2051 747 2110 duci
766 2069 862 2128 prope
882 2051 985 2127 Alpes,
1008 2050 1129 2110 tertiam

105 2149 256 2209 Ludovico
276 2149 410 2226 principi
430 2149 612 2226 Aquitaniae,
630 2163 770 2226 quartam
792 2150 917 2226 Hugoni
938 2151 1044 2226 Caper,
1066 2151 1128 2226 regi

105 2243 297 2306 Francorum.
319 2248 393 2324 Regi
412 2248 504 2324 igitur
524 2249 701 2321 Edelstano,
721 2248 804 2323 apud
816 2248 1029 2306 Abendoniam
1048 2249 1128 2308 exis·

104 2343 171 2403 renti
184 2343 269 2402 misit
282 2361 336 2402 rex
354 2345 541 2402 Francorum
558 2344 650 2419 Hugo
669 2343 766 2418 Capet
779 2343 1004 2419 preciosissima
1022 2345 1129 2404 exenia

104 2453 132 2498 et
147 2442 236 2516 dona,
257 2441 375 2500 scilicet
394 2460 403 2499 ε
423 2441 569 2500 Aromata
591 2441 694 2518 qualia
716 2459 872 2516 nunquam
891 2441 923 2500 in
940 2441 1051 2517 Anglia
1064 2443 1129 2502 visa

104 2535 226 2612 inerant,
242 2539 440 2614 sm[nrag]das
459 2539 625 2614 preciosas,
642 2556 740 2614 equos
759 2538 1013 2614 preciosissimus,
1036 2541 1127 2614 an[ti·

105 2637 203 2711 qn]um
218 2655 272 2696 vas
292 2637 447 2712 quoddam
461 2654 499 2696 ex
516 2638 662 2697 onichino
680 2638 859 2698 mirabiliter
875 2651 905 2698 et
924 2637 1126 2716 perlucidum,

105 2750 200 2793 ensem
219 2735 414 2794 Constantini
433 2735 547 2811 Magni,
572 2735 604 2794 in
623 2735 709 2812 cujus
738 2735 848 2811 capulo
870 2753 961 2812 super
983 2735 1128 2796 laminam

106 2831 164 2890 anri
177 2851 246 2908 pnrs
260 2834 402 2909 quaedam
419 2832 497 2892 clavi
519 2831 609 2890 ferrei
628 2831 720 2890 infixa
740 2844 814 2904 erat,
838 2849 907 2907 quae
926 2831 1043 2892 scilicet
1062 2845 1127 2892 erat

104 2929 244 3002 particule
253 2931 293 2989 de
303 2930 396 2990 clavis
407 2929 541 3003 Domini,
554 2930 690 2988 lanceam
704 2929 805 2988 Caroli
819 2929 932 3006 Magni,
946 2947 1014 3006 quae
1025 2929 1127 2988 Domi·

105 3025 169 3084 nico
181 3027 267 3088 lateri
281 3027 412 3104 impacta
426 3041 501 3101 erat,
514 3027 658 3087 vexillum
677 3027 757 3086 beati
775 3027 921 3100 Mauritii,
936 3027 1076 3086 diadema
1091 3046 1127 3086 ex

105 3141 173 3181 auro
182 3139 211 3185 et
222 3127 349 3203 gemmis
361 3125 541 3186 mirabiliter
553 3125 761 3195 fabrefactum,
777 3125 958 3201 particulam
970 3127 1008 3184 de
1023 3138 1127 3185 sancte

105 3239 197 3295 cruce,
209 3242 302 3284 unam
316 3225 453 3300 spineam
467 3225 504 3283 de
518 3242 633 3284 corona
648 3224 782 3299 Domini,
792 3255 828 3268 -
840 3237 957 3300 partem
976 3223 1076 3284 crucis
1096 3237 1127 3282 et

105 3319 215 3392 spinam
228 3321 267 3380 de
278 3339 392 3380 corona
410 3320 659 3380 Malmesburiam
671 3320 836 3396 delegavit3
848 3319 1030 3394 particulam
1044 3321 1083 3380 de
1100 3339 1125 3380 s.

105 3414 190 3474 claris
204 3435 274 3494 quae
288 3418 397 3478 eratin
415 3418 524 3494 capulo
538 3417 631 3488 ensis,
654 3416 757 3476 abbati
772 3417 941 3477 Godescale
962 3417 1057 3494 dedit,
1073 3417 1126 3493 qui

105 3529 170 3576 tunc
184 3518 278 3577 abbas
292 3529 358 3576 erat
371 3515 620 3576 Abbendoniae.o

140 3749 203 3812 Dls
223 3750 256 3813 la
278 3747 439 3833 premiere
461 3747 562 3832 ligne,
585 3747 618 3812 ln
631 3747 767 3831 parinite
788 3749 1015 3814 concordance
1035 3763 1126 3814 entre

104 3873 136 3917 ce
147 3875 294 3920 nouveau
308 3871 392 3919 texte
409 3871 440 3918 et
454 3855 485 3918 le
496 3875 631 3939 passage
646 3855 686 3918 dc
702 3853 892 3918 Guillaume
910 3856 950 3919 de
966 3856 1126 3920 Malmes·

105 3961 180 4046 bury
206 3982 248 4026 ne
270 3979 349 4047 peut
376 3982 462 4026 nous
487 3962 658 4046 echapper.
692 3961 801 4024 Mente
826 3961 993 4038 tradition,
1019 3967 1125 4028 meme

104 4069 322 4134 enumeration
351 4070 433 4133 dans
460 4068 491 4132 le
516 4071 624 4131 meme
656 4068 764 4148 ordre,
795 4071 919 4132 memes
951 4067 1122 4151 epitheta,

105 4177 201 4240 meme
223 4177 316 4260 place
338 4178 483 4261 occupes
506 4175 633 4260 parles
657 4175 743 4239 dons
768 4175 1043 4259 dMalmesbury.
1069 4175 1123 4240 On

106 4284 240 4362 pourrait
257 4283 403 4367 oblecter
421 4302 485 4367 que
501 4281 692 4348 Guillaume
708 4301 749 4346 ne
767 4281 892 4365 signalc
905 4301 964 4365 pas
979 4305 995 4340 ιι
1010 4281 1125 4346 Aliam

105 4388 222 4454 cuidam
235 4390 314 4455 duci
323 4409 429 4474 prope
442 4391 543 4474 Alpes
558 4413 586 4453 n.
601 4388 682 4455 Cela
695 4405 743 4454 est
754 4388 843 4470 vrai;
859 4388 942 4453 mais
958 4387 1009 4451 s'il
1024 4389 1125 4452 n'em·
