3130 5514
581 543 645 616 128
765 561 876 614 noras
898 563 942 614 nr
964 549 1094 614 mons
1117 547 1434 624 ncuaoaocroua:

574 823 636 884 que
660 805 819 868 laudantes
842 807 882 866 ad
904 807 1009 868 altare.
1026 806 1117 866 Unde
1140 805 1198 866 fuit
1218 805 1362 866 maxima
1382 807 1434 866 laet

574 905 661 964 urbe.
678 905 754 966 uec
771 905 908 980 audiens,
923 905 1074 964 exercitus
1088 905 1276 964 Francorum
1291 921 1371 964 cum
1386 923 1434 962 ma

575 1001 614 1062 ad
624 1001 786 1062 ecclesiam
801 1003 905 1062 Sancti
921 1001 1003 1062 Petri
1016 1015 1166 1062 venerunt
1178 1003 1338 1062 Lanceam
1353 1003 1432 1062 vide

574 1099 644 1160 liter
666 1099 766 1160 Graeci
789 1111 820 1160 et
845 1099 1004 1160 Hermenii
1029 1113 1060 1159 et
1083 1097 1217 1172 Statiani,
1235 1113 1410 1160 cantantes

576 1217 591 1252 a
608 1195 700 1272 Kyrie
716 1195 862 1254 eleison·
880 1209 911 1256 et
924 1195 1060 1256 dicentes
1075 1217 1089 1252 ι
1105 1195 1183 1254 Kalo
1200 1196 1335 1254 Francia
1356 1201 1434 1256 cont

574 1293 623 1355 cai
637 1293 646 1322 ¹
662 1315 687 1350 a.
708 1295 777 1352 Hoc
800 1307 869 1354 est:
894 1317 907 1348 ι
925 1294 1002 1352 Boni
1026 1307 1098 1353 sunt
1120 1293 1230 1354 Franci
1252 1295 1309 1370 qui
1334 1295 1434 1354 babet

575 1391 700 1452 Christi.
715 1413 728 1446 ι
746 1393 856 1452 Postea
869 1391 1006 1452 lecentnt
1019 1409 1126 1451 omnes
1137 1391 1315 1465 consilium,
1332 1411 1434 1468 quom

575 1488 752 1565 inceperant
767 1505 837 1548 cum
850 1487 970 1548 Turcis.

670 1613 754 1681 [Petri
770 1615 916 1669 Tudebodi
941 1613 1071 1668 Historia
1092 1613 1128 1668 de
1143 1613 1410 1682 Hierosolymitaao
1431 1633 1434 1668 l

637 1703 713 1758 Hirr.
727 1703 814 1758 occid.
824 1703 873 1758 des
888 1703 1045 1772 Croiaades,
1055 1713 1075 1758 t.
1083 1703 1131 1767 111,
1143 1717 1190 1772 pp.
1205 1701 1398 1773 7¹017⁶77l

1074 2003 1117 2060 18.

576 2153 681 2214 Lettre
701 2151 738 2212 cle
755 2151 867 2212 Pascal
884 2151 921 2212 11
937 2169 1002 2212 aux
1023 2151 1155 2223 croisa,
1167 2151 1210 2210 les
1226 2149 1386 2232 felicitans
1401 2149 1434 2208 de

611 2251 752 2324 coires,et
764 2249 949 2308 accreditaat
959 2249 1069 2328 capris
1078 2249 1168 2308 d'eax
1176 2247 1205 2307 le
1215 2247 1434 2326 cardiaci-lega

611 2346 717 2426 &vique
729 2347 766 2408 de
778 2349 875 2408 Porto
886 2347 907 2406 ⁸.

993 2479 1088 2552 4mai
1106 2497 1188 2540 noo.

613 2683 769 2744 Pasebalis
792 2683 965 2761 episcopus,
989 2703 1094 2744 sersus
1117 2701 1274 2744 servorum
1294 2681 1362 2755 Dei,
1384 2699 1434 2740 ver

576 2781 731 2853 iratribus,
754 2780 817 2840 sive
831 2781 912 2854 filiis,
928 2781 1090 2858 episcopis,
1109 2781 1239 2852 clericis,
1253 2779 1434 2857 proceribus.

576 2892 607 2938 et
630 2879 714 2937 omni
743 2877 859 2954 populo
883 2879 999 2938 militiae
1027 2879 1208 2938 Christianae
1235 2879 1267 2937 in
1286 2877 1357 2937 Asia
1380 2877 1434 2935 triu

576 2977 704 3036 salutem
720 2989 749 3036 et
764 2977 963 3054 apostolicam
982 2977 1238 3036 benedictionem.

612 3075 704 3145 Quod
731 3092 786 3150 per
814 3075 994 3152 prophetam
1028 3075 1144 3151 populo
1171 3093 1228 3132 suo
1256 3073 1402 3132 Dominus
1431 3091 1434 3148 7

576 3173 733 3249 impletum
745 3173 777 3232 in
790 3173 879 3234 vobis
898 3175 1112 3250 cognoscimus
1130 3192 1137 3232 :
1153 3195 1167 3230 a
1183 3173 1373 3246 lababitabo‚
1386 3172 1434 3246 inq

576 3284 606 3329 et
619 3269 816 3331 inambulabo
831 3291 900 3332 cum
915 3273 959 3332 eis
975 3273 1025 3347 (Il,
1041 3273 1112 3332 Cor.
1127 3274 1177 3348 vt),
1190 3272 1262 3348 quia
1275 3289 1328 3347 per
1341 3271 1427 3328 fidem

575 3369 751 3444 pectoribus
775 3370 902 3442 habitat,
921 3383 951 3430 et
971 3387 1026 3446 per
1048 3369 1256 3446 operationem
1275 3369 1315 3427 ita
1334 3368 1431 3426 inamb

574 3479 715 3542 patenter
728 3468 760 3526 in
774 3467 863 3528 vobis
882 3467 1023 3527 inimicos
1043 3485 1114 3526 suos
1134 3485 1320 3544 expugnasse
1339 3467 1434 3525 videat

575 3564 656 3622 savit
672 3565 753 3624 enim
768 3565 917 3625 Dominus
932 3565 1057 3642 antiqua
1071 3565 1227 3638 miracula,
1242 3579 1275 3624 ut
1296 3565 1325 3623 in
1338 3583 1395 3622 uno
1408 3583 1434 3621 m

576 3659 695 3720 duobus
718 3663 824 3722 decem
849 3663 945 3723 millia
962 3677 1204 3740 persequeretur,
1225 3675 1256 3722 et
1277 3661 1320 3720 his
1335 3662 1431 3720 Eccles

576 3759 810 3818 sacerdotalium
824 3779 949 3837 precum
963 3763 1057 3836 tubis,
1072 3761 1264 3822 inimicarum
1274 3760 1386 3818 urbium
1400 3779 1434 3818 ml

576 3854 659 3913 siret.
676 3856 755 3915 Illud
778 3875 850 3916 vero
870 3859 975 3935 quanti
990 3859 1104 3936 gaudii,
1121 3877 1213 3935 quam
1227 3858 1350 3937 potentis
1363 3857 1434 3916 mira

575 3951 675 4024 matis,
692 3955 775 4028 quod
789 3956 975 4015 sacrosancti
990 3955 1093 4016 lateris
1111 3956 1257 4032 sanguine
1271 3969 1410 4015 cruentam
1428 3955 1434 4011 l

576 4062 606 4108 et
631 4049 759 4110 vivificae
785 4054 884 4112 crucis
908 4067 1027 4130 partem
1056 4055 1165 4114 vestris
1190 4055 1286 4114 oculis
1316 4051 1434 4114 revelavi

611 4255 633 4293 r.
648 4239 718 4292 loll
741 4241 858 4307 ψραγιία
880 4243 927 4304 len
950 4243 1052 4309 ιοντάρι
1166 4257 1190 4294 a.
1206 4239 1368 4295 Archimede
1379 4239 1434 4292 1'0r2

575 4332 690 4396 Χριστοῦ.
1134 4340 1152 4383 t.
1167 4329 1187 4395 1,
1200 4346 1227 4398 p.
1242 4344 1299 4382 aar.
