3130 5514
434 659 476 704 LA
499 657 621 706 serm
645 657 756 706 LANCE

104 1125 185 1183 tros.
197 1157 235 1168 -
252 1125 377 1184 Charta
391 1123 531 1182 Beldrici
552 1123 747 1184 Tornocensis
764 1136 852 1203 etque
869 1126 1080 1188 Noviomeosis

130 1223 221 1301 episc.
237 1221 459 1304 fundationem
477 1223 510 1280 S.
531 1222 656 1282 Andron
673 1225 839 1304 Brugensis
857 1223 1058 1302 appr-obortis.

103 1378 167 1454 Ego
183 1377 356 1436 baldricus
368 1377 610 1436 Tornacensium
620 1389 712 1454 atque
726 1378 980 1438 Noviomensium
994 1378 1115 1454 episco-

71 1495 134 1552 pus,
155 1475 312 1534 omnibus
336 1475 369 1532 in
390 1487 538 1533 aeternum
556 1475 701 1551 gaudere.
725 1475 809 1534 Nulli
828 1493 906 1552 pene
926 1476 1063 1535 fidelium
1083 1477 1115 1536 in

73 1575 211 1642 universo
227 1575 312 1632 orbe
335 1586 483 1631 terrorum
505 1585 626 1632 constat
644 1591 711 1632 esse
735 1573 933 1649 incognitum,
948 1576 1116 1634 Robertum

73 1672 223 1744 juniorem
240 1671 481 1732 Flandrensium
494 1672 709 1744 marchionem,
724 1673 756 1730 in
765 1673 1022 1749 lerosolymitano
1035 1691 1117 1732 exer-

75 1769 144 1842 citu,
164 1788 230 1846 prae
254 1771 380 1830 caeteris
394 1770 535 1829 omnibus
550 1771 659 1830 ducem
673 1783 703 1830 et
725 1770 902 1846 signiferum
926 1771 1117 1832 Christiano-

75 1885 136 1924 rum
150 1869 305 1942 extitisse,
315 1882 346 1928 et
359 1870 398 1928 ad
412 1869 533 1928 laudem
549 1881 579 1928 et
592 1869 720 1946 gloriam
734 1869 867 1928 nominis
883 1869 996 1928 Christi
1010 1881 1117 1929 contra

76 1981 206 2041 paganos
231 1967 372 2026 fideliter
392 1980 423 2025 et
440 1967 568 2026 viriliter
590 1967 761 2026 dimicasse.
788 1967 848 2027 Hic
870 1985 940 2026 cum
960 1985 1015 2042 per
1033 1967 1117 2026 varia

78 2063 226 2122 bellorum
242 2064 386 2140 pericula
403 2064 597 2124 Antiochiam
612 2065 809 2140 pervenisset,
825 2078 855 2124 et
873 2064 950 2124 inibi
966 2083 1027 2126 una
1045 2083 1115 2124 cum

81 2161 192 2219 cereris
221 2162 343 2221 Christi
366 2162 508 2220 fidelibus
531 2163 570 2220 ab
591 2162 806 2222 innumerabili
836 2163 1115 2240 supervenientium

79 2277 267 2335 paganorum
300 2261 495 2320 multitudine
527 2262 670 2320 obsessus
701 2261 818 2334 luisset,
849 2261 951 2320 Divini
984 2261 1116 2338 Spiritus

82 2357 286 2419 inflammatus
299 2360 369 2436 igne
380 2374 409 2419 et
422 2361 456 2416 B.
470 2359 600 2417 Andreae
615 2358 745 2434 apostoli
760 2377 925 2419 succensus
938 2377 1042 2418 amore
1052 2360 1117 2436 (per

80 2455 175 2530 ipsum
187 2459 274 2518 enim
287 2459 474 2530 visitavit,ut
488 2459 772 2534 eiunt,etliberavit
785 2477 839 2520 eos
849 2461 1020 2536 Dominus),
1032 2461 1118 2520 vovit

84 2553 149 2612 ilico
174 2555 206 2613 in
232 2557 371 2632 quodem
398 2557 592 2629 monasterio,
614 2575 709 2633 prope
734 2557 843 2632 Brugis
863 2557 933 2630 sito,
948 2557 980 2616 in
999 2557 1117 2617 honore

83 2652 213 2724 eiusdem
228 2654 365 2728 apostoli
385 2667 572 2725 consecrato,
588 2654 621 2712 in
635 2655 731 2730 ipsius
742 2654 938 2714 veneratione
951 2655 1117 2716 monachos

85 2767 114 2806 se
127 2750 314 2811 institurum.
331 2753 462 2829 Cognito
473 2753 574 2828 itaque
588 2755 737 2830 ejusmodi
754 2767 859 2813 votum
881 2755 997 2831 absque
1011 2767 1116 2816 nostro

85 2863 204 2908 assensu
235 2870 270 2912 se
298 2851 463 2926 adimplere
489 2869 552 2910 non
579 2869 680 2928 posse,
705 2853 827 2930 conjugi
854 2870 917 2912 sum
938 2852 1116 2914 Clementiee

87 2951 245 3012 comitissae
270 2956 388 3031 legatos
402 2953 523 3025 direxit,
535 2967 565 3012 et
584 2954 700 3013 litteras
723 2953 925 3025 continentes,
945 2965 980 3011 ιιι
1003 2971 1058 3010 sua
1080 2970 1118 3011 ex

87 3061 165 3120 parte
178 3053 400 3126 pastoralitatis
415 3066 528 3112 nostrae
545 3053 766 3128 providentiam
780 3053 962 3124 consuleret,
979 3064 1010 3110 et
1024 3053 1117 3112 eltare

89 3150 246 3220 supradicti
261 3152 470 3212 monasteriis
484 3153 573 3210 nobis
584 3153 633 3226 (ad
645 3164 779 3210 nostram
789 3151 871 3210 enim
885 3151 1041 3211 dioecesim
1052 3169 1120 3227 per·

88 3243 208 3324 tinebat)
234 3251 415 3327 postularet,
444 3251 476 3308 in
501 3269 562 3326 quo
590 3249 755 3309 monachos
787 3249 972 3308 constituere
1002 3263 1117 3326 posset.

91 3341 193 3404 Audita
206 3347 302 3426 igitur
320 3349 459 3425 predicti
483 3349 588 3410 militis
609 3349 724 3408 Christi
744 3349 868 3407 Roberti
886 3347 1119 3408 Flandrensium

91 3445 281 3522 marchionis,
298 3449 354 3509 viri
378 3449 425 3507 sui
449 3449 608 3525 legatione,
630 3448 786 3506 comitissa
800 3447 970 3507 Clementia
983 3465 1118 3524 prresen-

93 3537 158 3598 tiam
174 3559 312 3606 nostram
331 3547 417 3618 adiit,
431 3559 462 3605 et
485 3548 523 3604 ed
540 3545 754 3622 complendam
767 3545 824 3603 viri
848 3545 895 3603 sui
918 3545 1118 3616 voluntatem,

94 3635 176 3698 eltere
190 3643 228 3702 de
242 3641 437 3704 Betlerlterca
450 3643 520 3717 (hoc
531 3643 613 3700 enim
628 3659 740 3701 nomen
751 3640 890 3716 predicti
908 3641 969 3700 loci
984 3641 1119 3718 antiqui·

94 3741 137 3787 tus
154 3734 318 3812 dicebatur)
334 3739 443 3797 devote
464 3737 639 3814 postulavit.
655 3739 751 3815 Cujus
769 3739 963 3798 devotionem
980 3739 1119 3799 conside·

95 3843 166 3902 rans,
181 3836 357 3912 supradicto
371 3835 458 3895 altari
475 3837 521 3911 jus
536 3835 683 3896 libertatis
700 3837 883 3908 condonavi,
894 3855 929 3896 ee
942 3838 1119 3898 conditione

97 3929 170 3998 qood
183 3935 324 3996 monachi
339 3934 414 3992 inibi
428 3934 661 3994 constituantur.
677 3936 735 3994 llis
747 3935 789 3994 ita
802 3937 943 4012 peractis,
956 3949 1120 4014 postquam

96 4027 247 4094 predictus
262 4050 366 4090 comes
382 4033 532 4090 Robertus
550 4031 651 4104 rediit,
671 4050 718 4092 me
737 4045 900 4106 annuente,
912 4035 1119 4110 supradictum

97 4117 187 4184 locum
201 4131 303 4190 abbati
320 4129 541 4206 Affligemensis
555 4130 692 4190 ecclesie
707 4148 743 4189 ea
756 4131 822 4208 lege
837 4133 1071 4206 commendavit,
1085 4146 1120 4194 ut

4 4265 5 4288 ,
98 4223 250 4287 monachos
270 4245 307 4286 ex
329 4227 472 4286 coenobio
492 4245 549 4286 suo
571 4226 647 4286 inibi
666 4228 875 4302 constitueret,
894 4242 925 4288 et
951 4231 1120 4290 secundum

99 4310 304 4386 incrementum
335 4324 492 4385 exterioris
522 4325 712 4400 substantie,
744 4327 964 4386 monachorum
996 4347 1119 4406 quoque

99 4427 243 4485 numerum
266 4425 430 4502 suppleret,
445 4435 475 4483 et
499 4423 633 4500 regimen
653 4425 713 4484 loci
731 4423 827 4502 ipsius
849 4437 912 4486 tom
931 4425 1007 4503 ipse,
1026 4443 1118 4504 quem
