3130 5514
407 705 477 752 un
500 701 623 753 santra
645 703 758 752 nauca
1044 681 1107 752 115

73 941 257 1020 «principes
280 941 466 1018 reciperent,
489 955 613 1020 repente
640 960 746 1002 omncs
774 941 871 1002 nostri
897 941 1109 1019 ingrediuntur

74 1065 86 1094 ι
104 1041 318 1102 communiter.
332 1041 382 1101 Fit
395 1041 514 1101 clamor
531 1041 697 1117 maximus3
709 1041 799 1101 fortia
818 1059 938 1118 queque
952 1041 1021 1102 loca
1035 1059 1108 1102 nos·

73 1163 85 1194 ι
103 1141 153 1214 tri,
172 1151 301 1216 excepta
320 1157 441 1199 summa
459 1157 539 1213 arce,
558 1139 718 1214 obtinent;
736 1139 864 1212 Turcos,
879 1139 936 1199 hos
955 1139 1109 1200 trucidant

73 1237 216 1314 «gladio,
238 1237 299 1296 bos
320 1237 446 1296 minant
462 1237 609 1314 precipio.
632 1239 759 1298 Postera
777 1249 879 1297 autem
897 1235 946 1295 die
967 1237 1108 1298 innume·

73 1336 209 1395 «rabilis
231 1337 320 1396 adest
341 1337 516 1395 Turcorum
535 1336 695 1396 exercitus.
716 1335 825 1396 Statim
847 1348 951 1412 portas
975 1335 1108 1396 civitatis

73 1455 86 1486 r
103 1451 208 1493 omnes
221 1434 387 1506 obsident;
402 1433 562 1494 introitum
581 1445 611 1492 et
629 1433 744 1492 exitum
761 1432 875 1492 nostris
894 1431 1020 1490 omnino
1033 1449 1106 1508 pro·

73 1552 85 1585 r
104 1531 227 1608 bibent3
246 1533 320 1591 illos
340 1545 451 1606 autem,
468 1532 521 1608 qui
538 1550 576 1592 ex
599 1532 710 1592 nostris
729 1531 769 1590 ad
791 1546 873 1588 marc
893 1530 1106 1602 consederant,

74 1651 86 1682 r
108 1629 211 1704 gladio
240 1643 272 1690 et
297 1630 367 1706 igne
391 1629 555 1707 perimunt.
584 1629 629 1688 Ea
657 1642 759 1689 autem
783 1627 905 1688 vivendi
932 1627 1054 1686 miseria
1079 1638 1109 1685 et

75 1749 87 1782 ι
106 1729 236 1788 exeundi
258 1728 411 1804 angustia,
432 1746 541 1804 magna
563 1728 658 1786 fames
676 1740 800 1786 nostros
818 1727 1014 1785 vehementer
1027 1725 1109 1801 cepit

76 1847 88 1880 r
106 1827 247 1902 affligere.
266 1827 338 1885 Hoc
352 1839 453 1885 autem
468 1826 576 1884 timore
590 1825 753 1902 perterriti,
768 1842 872 1883 comes
887 1823 1060 1900 Stephanus
1079 1835 1109 1882 et

76 1947 87 1976 ι
106 1924 288 2000 Guilelmus,
303 1938 449 2000 cognatus
465 1923 640 1998 boimundi,
655 1938 685 1983 et
699 1923 792 1982 ceteri
807 1921 1023 1999 quamplurimi
1038 1921 1107 1980 des·

76 2045 88 2074 ι
106 2024 276 2083 cendemnt
289 2022 598 2098 Constantinopolim.
614 2022 700 2094 Inde,
718 2020 903 2098 quicumque
914 2021 971 2078 hos
986 2019 1029 2078 ita
1043 2019 1106 2079 dis-

76 2122 233 2180 «cessisse
263 2121 419 2194 audiebat,
445 2137 568 2180 omnem
589 2119 756 2178 exercitum
783 2119 899 2195 perisse
918 2119 1105 2193 existimans,

76 2239 87 2270 ι
106 2219 259 2295 inceptam
282 2218 374 2278 etiam
392 2217 564 2277 dimittebat
581 2217 673 2276 viam.
690 2215 743 2274 Eis
765 2230 877 2290 autem,
893 2235 971 2292 quos
986 2217 1018 2276 in
1032 2217 1107 2277 civi-

76 2337 88 2368 ι
106 2329 165 2376 tate
179 2317 277 2376 fames
292 2317 469 2375 attenuabat
482 2314 623 2387 maxima,
637 2315 698 2390 jam
711 2314 810 2391 panis,
825 2315 886 2390 jam
902 2313 993 2374 etiarn
1006 2315 1107 2374 asino·

77 2435 89 2466 r
106 2433 171 2474 mm
193 2429 224 2476 et
238 2433 389 2490 equorum
408 2432 524 2486 carnes,
540 2428 571 2474 et
588 2431 679 2472 omne
696 2415 758 2490 jam
771 2413 893 2474 vivendi
911 2415 1015 2474 deerat
1033 2415 1107 2473 sub·

76 2531 89 2564 r
107 2511 228 2571 sidium.
240 2511 392 2570 Dominus
401 2529 473 2570 vero
482 2510 552 2588 pius
562 2523 593 2570 et
603 2510 787 2584 misericors,
797 2511 836 2570 ad
844 2511 955 2570 horum
964 2512 1106 2588 gemitus,

77 2610 239 2670 :ululatus
263 2623 294 2669 et
320 2610 472 2683 lacrimas,
496 2610 554 2668 bac
581 2607 768 2686 benignitate
791 2608 932 2668 misertus
955 2623 1011 2672 est.
1033 2613 1107 2670 Erat

77 2729 89 2760 r
107 2727 236 2785 namque
247 2709 375 2786 quidam
384 2709 596 2786 pauperrimus
606 2720 636 2767 et
647 2708 785 2766 omnium
799 2707 861 2767 iere
872 2708 1106 2785 abjectissimus,

78 2807 309 2866 ervincialis
332 2825 453 2884 genere,
478 2806 528 2866 cui
551 2819 674 2866 sanctus
696 2807 835 2865 Andreas
862 2805 1108 2866 manifestissime

77 2925 89 2956 c
107 2907 257 2981 appamit,
273 2923 405 2982 eumque
419 2919 526 2964 tenens
539 2921 595 2980 per
608 2905 763 2963 dexteram
777 2905 816 2963 ad
827 2903 988 2964 ecclesiam
1003 2905 1106 2964 Sancti

77 3023 89 3054 t
109 3003 187 3062 Petri
200 3003 346 3080 perduxit
358 3017 388 3062 et
400 3003 502 3062 locum
513 3003 677 3062 ostendens
692 3001 797 3078 digito,
811 3002 853 3061 ait
866 3020 873 3060 :
888 3025 901 3058 r
914 3002 974 3060 Hic
989 3003 1107 3078 sepulta

78 3121 89 3150 r
108 3115 150 3160 est
162 3103 296 3172 Lancea,
309 3119 371 3178 qua
382 3102 558 3161 vulneratus
572 3114 618 3160 est
632 3101 665 3158 in
679 3101 777 3158 Cruce
791 3101 928 3176 pendens
942 3099 1105 3174 Dominus;

78 3219 89 3250 ι
107 3200 180 3258 vada
195 3202 235 3258 ad
249 3200 404 3276 principes
419 3200 570 3259 exercitus
585 3197 720 3270 Domini,
732 3210 762 3258 et
775 3197 824 3256 dic
839 3197 883 3256 eis
898 3216 957 3273 que
965 3201 1078 3260 vidisti.
1091 3223 1105 3256 s

78 3317 89 3348 r
106 3297 282 3374 Trepidavit
295 3315 412 3374 pauper
426 3299 483 3357 iste
497 3311 527 3358 et
540 3298 584 3358 ire
599 3299 708 3358 noluit.
725 3299 867 3358 Secundo
888 3317 1011 3375 quoque
1026 3317 1107 3358 com·

79 3413 89 3442 ι
107 3393 240 3452 monitus
254 3393 310 3452 ivit
324 3407 355 3454 et
368 3394 467 3453 visum
480 3395 625 3471 prodidit.
640 3397 757 3454 Cavant
770 3395 876 3454 fideles
890 3407 919 3454 et
932 3395 1106 3470 inveniunt;

78 3493 249 3566 «gaudent,
273 3505 304 3550 et
326 3492 400 3552 certi
426 3494 464 3552 de
488 3493 545 3551 Dei
567 3493 787 3567 misericordia,
809 3492 966 3550 Christum
989 3495 1108 3570 magni-

79 3607 90 3640 «
108 3587 208 3649 licant
226 3589 348 3648 indicto
362 3603 464 3650 autem
476 3591 621 3650 triduano
633 3591 760 3666 jejunio,
775 3590 891 3650 instant
905 3589 1106 3666 orationibus,

79 3705 90 3736 r
108 3685 291 3746 confitentur
310 3705 369 3762 que
385 3687 465 3746 male
485 3687 629 3760 fecerant,
645 3701 675 3748 et
689 3688 834 3748 ecclesias
848 3689 1032 3750 discalciatis
1047 3689 1107 3750 cir-

80 3802 91 3832 ·
108 3799 251 3844 cumeum
263 3784 405 3862 pedibus.
419 3786 489 3856 Quo
502 3785 594 3859 iacto,
610 3799 739 3862 uterque
754 3787 793 3845 ad
804 3787 918 3846 bellum
932 3789 1108 3848 adarmatur

80 3882 267 3941 texercitus.
292 3883 329 3940 ln
350 3882 455 3959 vigilia
472 3896 574 3942 autern
595 3885 805 3960 apostolorum
828 3885 911 3944 Petri
930 3898 960 3944 et
981 3887 1069 3945 Pauli
1085 3887 1105 3959 ¹,

81 3975 246 4040 «invocato
268 3980 383 4040 Christi
400 3980 534 4055 nomine,
558 3983 656 4042 nostri
677 3983 715 4042 de
738 3983 860 4044 civitate
886 3997 1006 4044 exeunt.
1032 3985 1107 4044 Pre-

83 4093 94 4126 ε
112 4077 187 4137 cedit
202 4077 365 4154 episcopus
389 4077 427 4136 de
443 4078 541 4137 Podio
553 4079 664 4140 Sancte
679 4079 787 4154 Maria,
803 4093 929 4158 portans
943 4097 1065 4140 crucem
1077 4093 1107 4140 et

83 4189 95 4223 t
112 4173 322 4253 triumphalem
336 4175 504 4236 Salvatoris
517 4179 684 4250 Lanceam3
695 4180 924 4256 subsequuntur
932 4178 1107 4238 sacerdotes

84 4289 96 4320 r
113 4273 233 4336 etmulti
248 4273 364 4348 clerici,
381 4273 459 4335 albis
473 4273 571 4337 induti
594 4276 740 4338 vestibus.
757 4279 897 4357 Cumque
911 4277 956 4338 sic
969 4277 1009 4338 ad
1023 4293 1107 4336 cam·

115 4479 135 4520 t.
151 4469 183 4522 aa
197 4469 267 4538 juin.
