3130 5514
424 639 467 686 aa
491 637 614 688 amara
635 637 748 688 nauca
1041 639 1106 711 rap

69 875 262 936 tractmdam
276 873 418 934 manibus
437 872 566 932 obtuliti
583 873 721 943 Quantas
741 873 896 949 superbis
912 875 1107 954 Redemptorl

69 987 177 1034 nostro
191 973 304 1049 gratias
320 973 495 1044 debeamus,
511 987 567 1030 nec
584 971 735 1029 humanus
753 970 873 1030 animus
887 973 1040 1051 opinatur,
1050 995 1108 1039 nec

68 1074 175 1150 lingua
197 1075 344 1151 praevalet
366 1090 518 1132 enarrare.
541 1073 689 1132 Videmus
717 1073 799 1132 enim
827 1073 1008 1134 Christianae
1035 1079 1109 1140 fidei

70 1173 187 1246 hostes,
198 1173 365 1232 Christiani
380 1172 485 1248 populi
501 1189 709 1249 oppressores,
724 1189 779 1248 per
793 1173 926 1232 divinam
942 1176 1110 1234 misericor-

72 1271 155 1328 diam
181 1288 274 1330 manu
295 1284 396 1329 vestra
415 1269 525 1346 partim
545 1269 704 1342 contritos,
717 1270 829 1346 partim
847 1289 864 1330 e
885 1273 938 1330 diu
958 1273 1109 1350 possessis

71 1369 251 1444 regionibus
272 1367 437 1444 effugatos3
458 1366 597 1425 videmus
621 1365 809 1426 orientalem
836 1369 1015 1445 Ecclesiam,
1039 1383 1110 1449 post

71 1466 163 1540 longa
187 1463 371 1540 captivitatis
398 1476 546 1538 tempora,
573 1479 682 1538 magna
714 1479 750 1520 ex
775 1475 861 1538 parte
890 1463 930 1522 ad
953 1465 1110 1542 antiquam

73 1563 225 1620 libertatis
245 1561 376 1638 gloriam
398 1561 535 1619 rediisse.
559 1560 730 1618 Dicendum
750 1559 842 1635 igitur
862 1577 925 1632 ore,
945 1561 1109 1622 dicendum

73 1661 167 1718 corde
183 1679 190 1718 :
209 1683 222 1714 ι
238 1659 344 1718 Gloria
359 1659 391 1716 in
406 1659 561 1717 altissimis
575 1659 640 1716 Deo
659 1671 690 1716 et
711 1658 743 1716 in
763 1671 844 1717 terra
860 1675 919 1734 pax
933 1659 1110 1720 hominibus

73 1759 165 1816 bonae
185 1757 354 1815 voluntatis
370 1757 455 1831 (Luc.
472 1757 523 1831 ll).
541 1755 710 1814 »Orationi
732 1755 823 1814 etiam
842 1768 872 1814 et
891 1755 1002 1832 vigiliis
1018 1757 1109 1816 insis-

71 1857 211 1928 tendum,
232 1868 268 1913 ut
293 1855 377 1930 quod
398 1854 491 1929 coepit
512 1853 686 1929 adimpleat,
703 1866 733 1912 et
755 1871 863 1912 manus
883 1867 1009 1927 vestras,
1034 1871 1110 1928 quas

72 1955 208 2012 bostium
224 1971 351 2010 suorum
365 1951 512 2028 sanguine
526 1951 725 2024 consecravit,
736 1951 947 2011 immaculatas
959 1969 1057 2028 usque
1071 1953 1110 2012 ad

74 2051 178 2124 finem,
194 2051 355 2109 affluentes
368 2049 455 2107 iirma
467 2049 580 2126 pietate
594 2049 757 2110 custodiat.

108 2151 306 2226 Quapropter
320 2147 409 2224 agite,
425 2147 480 2205 lilii
495 2148 527 2205 in
542 2147 665 2206 Christo
684 2148 945 2221 desideratissimi,
961 2166 1110 2209 rememo-

74 2249 183 2307 ramini
203 2260 318 2322 quanta
340 2263 397 2321 pro
420 2263 524 2304 amore
546 2246 670 2304 Domini
694 2247 893 2322 reliqueritis,
916 2261 1031 2324 quanta
1053 2266 1110 2324 pro

74 2345 203 2406 fratrum
228 2345 327 2403 salute
350 2357 380 2404 et
404 2343 561 2420 ereptione
588 2344 724 2420 pericula
753 2345 908 2406 subieritis
934 2365 942 2404 r
969 2346 1110 2422 patriam,

75 2446 194 2517 domos,
205 2457 347 2520 parentes
360 2442 590 2518 posthabuistis,
602 2443 805 2519 vosmetipsos
819 2444 927 2503 exsilio
941 2444 1111 2518 addixistis,

76 2545 166 2603 morti
182 2543 387 2620 opposuistis;
407 2555 510 2601 curate
529 2559 611 2600 nunc
632 2542 672 2599 ad
690 2541 818 2600 meliora
837 2559 957 2618 semper
973 2543 1110 2615 tendere,

75 2661 182 2718 pacem
208 2660 280 2702 eum
307 2640 451 2698 omnibus
476 2652 664 2712 conservate,
689 2651 724 2698 ut
750 2639 875 2714 possitis
901 2639 939 2698 ad
967 2654 1112 2699 aeternam

75 2755 182 2814 pacem
198 2739 324 2798 Domini
339 2737 548 2796 misericordia
561 2736 729 2812 pervenire.
747 2738 882 2796 Plurima
895 2739 983 2797 vobis
998 2739 1112 2815 signifi-

77 2855 144 2898 care
158 2855 215 2913 per
230 2837 366 2896 chartam
384 2849 414 2894 et
435 2847 636 2894 atramentum
653 2835 896 2910 supersedemus,
912 2835 1058 2909 quoniam
1076 2851 1114 2893 ex

78 2936 257 3010 apostolicae
284 2933 365 2992 aedis
392 2933 508 3008 gremio
536 2931 750 2990 charissimum
779 2932 903 2991 fratrem
935 2931 1114 2990 Mauritium

80 3034 280 3092 Portuensem
301 3033 479 3108 episcopum
498 3031 696 3104 destinamus,
716 3043 750 3089 ut
772 3031 824 3107 qui
850 3049 904 3106 per
926 3031 1007 3088 beati
1031 3029 1113 3090 Petri

79 3131 239 3202 vicarium,
260 3141 374 3188 sanctae
393 3130 425 3188 in
445 3129 568 3188 Christo
590 3129 747 3188 memoriae
765 3129 1022 3204 predecessorem
1041 3145 1114 3186 nos-

79 3241 157 3286 trum
173 3229 346 3299 Urbanum,
360 3227 437 3286 tanti
461 3227 739 3302 peregrinationem
757 3225 876 3286 itineris
895 3226 1113 3301 assumpsistis,

80 3325 159 3385 beati
176 3325 262 3384 Petri
278 3323 396 3383 solatiis
411 3341 531 3400 semper
543 3325 719 3398 abundetis3
735 3337 765 3382 et
779 3341 871 3400 quem
885 3324 1116 3384 fundamentum

80 3427 153 3486 tanti
169 3425 275 3502 operis
288 3423 450 3495 habuistis,
470 3424 570 3499 ipsum
588 3439 712 3498 quoque
726 3423 765 3480 ad
784 3422 876 3480 finem
895 3435 986 3497 caput
1001 3421 1033 3480 in
1055 3421 1116 3480 lide
1176 3468 1178 3476 .

83 3535 110 3580 et
133 3521 313 3582 obedientia
339 3523 482 3585 teneatis.
512 3523 603 3582 Vices
636 3523 729 3582 etiam
756 3535 877 3582 nostras
904 3523 1004 3581 eidem
1031 3523 1116 3582 fratri

85 3619 230 3680 ldauritio
244 3633 275 3678 et
294 3619 438 3695 episcopo
451 3619 671 3694 commisimus,
687 3633 722 3679 ut
736 3591 853 3679 eum¹in
872 3621 1016 3680 omnibus
1031 3639 1117 3680 reve·

85 3731 185 3776 tenter
200 3717 349 3792 excipere,
364 3717 480 3788 audire,
491 3729 520 3776 et
530 3734 584 3792 per
597 3717 698 3794 ipsum
717 3717 818 3790 nobis,
834 3717 896 3776 imo
911 3719 1001 3778 beato
1012 3720 1116 3792 Petro,

86 3814 214 3891 obsequi
238 3813 386 3873 debeatis.
409 3814 466 3872 Cui
492 3814 636 3872 nimirum
664 3815 695 3873 in
719 3815 880 3890 preceptis
906 3815 1058 3888 dedimus,
1083 3829 1118 3875 ut

86 3913 244 3984 Ecclesiae‚
260 3929 352 3988 quam
373 3928 428 3987 per
447 3929 503 3969 vos
522 3913 670 3970 Dominus
691 3911 842 3983 liberavit,
862 3913 915 3970 sed
935 3911 1117 3972 liberaturus

86 4024 139 4082 est,
152 4009 341 4068 ordinationi
355 4009 515 4086 vigilanter
527 4010 684 4068 immineat
696 4030 704 4083 ;
718 4027 787 4085 quae
802 4010 827 4068 si
842 4009 943 4068 minus
962 4010 1118 4070 canonicis

87 4108 199 4184 regulis
218 4121 289 4183 apta
312 4107 467 4182 repererit,
489 4109 640 4184 corrigat;
665 4120 696 4166 et
720 4108 752 4164 in
777 4107 904 4181 eisdem,
920 4125 990 4166 cum
1016 4121 1119 4168 vestro

88 4207 202 4264 auxilio
229 4207 396 4282 plantanda
416 4207 543 4282 plantet,
579 4205 760 4263 aedificanda
788 4204 928 4265 aediiicet.
953 4206 1120 4264 Hortamur

89 4304 201 4381 itaque,
217 4305 437 4379 hortantesque
460 4303 668 4380 praeeipimus,
686 4315 721 4360 ut
740 4301 779 4374 ei,
793 4314 940 4379 tanquam
957 4321 1120 4380 personam

90 4417 224 4464 normam
238 4401 422 4478 praeferenti,
435 4401 467 4462 in
482 4401 626 4461 omnibus
639 4399 764 4459 obedire
778 4400 903 4460 curetis.
918 4399 1121 4475 Omnipotens

989 4537 1005 4584 9
