3130 5514
576 599 640 672 158
758 617 867 672 uorns
890 617 933 670 rr
955 601 1086 668 tirones
1109 603 1436 682 noanonocrouns

605 857 721 918 Octavo
743 857 863 918 kalend.
882 855 996 934 Aprilis
1017 857 1062 932 (25
1085 859 1187 936 mars).
1209 857 1342 918 Lutetiae
1369 859 1443 918 Pari

571 955 701 1016 Basilice
715 955 825 1032 regalis
837 954 956 1028 Palatii,
963 955 1102 1014 adoratio
1112 957 1240 1016 vivifice
1250 955 1402 1016 Crucis...
1417 959 1443 1016 ΙΙ

570 1054 664 1114 rende
682 1051 827 1114 exhibitio
844 1065 874 1112 et
895 1051 1037 1128 religion
1060 1055 1216 1116 veneretio
1234 1067 1430 1114 ceterorum

569 1148 665 1226 ipsius
680 1150 794 1210 Christi
813 1149 937 1210 Domini
951 1151 1104 1210 dolorosae
1125 1151 1304 1210 Pessionis:
1328 1153 1443 1210 nimirr

570 1247 701 1308 Corone
713 1267 773 1326 qua
787 1247 962 1322 redemitus,
974 1261 1004 1308 et
1015 1249 1183 1309 Arundinis
1196 1267 1256 1326 qua
1270 1249 1388 1308 illusus
1403 1263 1436 1308 et

571 1345 747 1426 Chlomydis
761 1349 913 1410 coccinere
928 1367 990 1426 quo
1002 1351 1171 1410 ludibriose
1182 1353 1323 1426 vestitus,
1337 1353 1443 1429 Sponp

571 1457 657 1504 aceto
675 1459 809 1523 potatus,
825 1447 896 1508 ierri
917 1449 1126 1525 Lancese,qua
1153 1449 1248 1508 lutere
1271 1447 1443 1510 transfixus

572 1543 776 1622 Sudarii,quo
797 1549 944 1622 sepultus,
963 1563 1040 1622 opus
1061 1547 1202 1606 humane
1225 1547 1443 1623 redemptioni:

572 1641 714 1702 incensus
729 1643 873 1704 charitate
885 1645 1115 1705 consummavit.
1130 1646 1206 1718 Ques
1221 1645 1327 1704 omnia
1343 1657 1443 1704 sacrat

571 1757 667 1818 gnora
678 1757 748 1800 cum
760 1759 868 1819 magna
882 1755 966 1820 parte
983 1743 1148 1820 superioris
1161 1743 1272 1820 lapidis
1284 1741 1386 1801 divini
1404 1743 1443 1800 Se

572 1837 639 1898 eliis
653 1839 880 1916 pretiosissimis
899 1839 1081 1900 Christiane
1094 1839 1217 1916 pietatis
1231 1839 1443 1910 monimentis,

571 1937 668 2014 vicus,
682 1937 848 1997 Galliarum
861 1940 1026 2016 Augustus,
1051 1939 1207 1998 eudemio
1226 1939 1320 1998 Sacre
1340 1939 1443 2012 Cspel

571 2047 694 2110 petuam
707 2035 933 2096 venerationem
952 2049 982 2096 et
1001 2037 1091 2112 regie
1105 2037 1201 2108 urbis,
1217 2035 1280 2095 imo
1302 2035 1391 2111 regni
1415 2035 1441 2092 C

573 2131 641 2192 simi
668 2131 762 2192 decus
780 2145 870 2210 atque
896 2133 1085 2210 presidium,
1111 2133 1222 2212 insigni
1245 2131 1443 2194 devotione‹

574 2229 742 2291 reverentia
755 2247 790 2289 nc
799 2229 974 2290 celebritate
989 2229 1160 2292 collocavit.

682 2362 737 2430 [Du
775 2363 906 2430 sernay,
932 2363 1171 2436 Mertflologiam
1204 2363 1389 2432 Gallicanam,
1416 2365 1443 2418 St

636 2467 685 2522 pp.
710 2467 777 2524 ¹⁰9⁹
792 2463 819 2508 et
838 2451 926 2518 troo]

1062 2727 1111 2804 4³·

608 2905 773 2984 [lieurieus
789 2905 974 2982 Patriarcha]
988 2907 1187 2968 Patriarehali
1201 2923 1274 2968 cura
1288 2906 1397 2967 etzelo
1412 2907 1443 2964 Dr

573 3017 633 3082 tus,
646 3005 850 3066 castellanam
865 3005 963 3065 Castri
975 3005 1147 3066 Antiochiae
1159 3007 1198 3066 ad
1208 3005 1384 3082 religionem
1399 3005 1443 3062 Cb

574 3101 814 3178 amplectendam
826 3101 1118 3178 exhortatur,plures
1131 3118 1232 3162 sacras
1245 3103 1335 3173 sedes,
1346 3099 1443 3159 iulide]

574 3199 619 3260 ria
631 3199 746 3260 dirutas
760 3197 998 3273 reaedificandae,
1013 3197 1093 3258 inter
1105 3199 1179 3258 alias
1191 3200 1227 3257 D.
1238 3199 1366 3258 Andreae
1377 3198 1443 3257 dica

573 3297 627 3358 rit.
648 3297 727 3356 Dum
740 3295 822 3356 euim
835 3295 949 3373 templo
961 3295 1117 3356 moliendo
1131 3313 1256 3373 opernm
1270 3297 1362 3369 daret,
1377 3295 1407 3353 in
1421 3307 1443 3353 tt

573 3398 694 3470 vocant)
716 3393 818 3454 altaris
840 3393 963 3469 majoris
984 3394 1134 3453 inclusam
1158 3393 1274 3454 invenit
1299 3410 1430 3452 naucrau

575 3513 635 3572 qua
652 3513 830 3573 percussum
844 3507 890 3554 est
904 3494 1017 3554 Christi
1032 3496 1120 3556 Dom.
1143 3494 1235 3568 latus,
1257 3494 1388 3570 eliasque
1407 3511 1443 3552 sa<

575 3593 672 3670 quies,
688 3595 761 3654 ibia
777 3593 889 3654 Christi
912 3593 1092 3664 cultoribus,
1108 3607 1191 3654 metu
1212 3593 1376 3652 infidelium
1394 3595 1443 3651 abs

576 3691 645 3750 Hoc
665 3692 768 3752 divino
793 3694 921 3752 Lancea
941 3692 1024 3751 douo
1045 3691 1168 3766 ditatus,
1190 3691 1340 3750 Henricus
1360 3708 1443 3766 opem

577 3787 766 3862 Boemundo,
794 3791 938 3849 adversus
971 3790 1147 3848 Corbonam
1175 3789 1290 3848 Ducem
1314 3791 1443 3847 Persarua

577 3885 775 3945 Sesundulum
789 3886 886 3944 filiurn
905 3887 984 3963 regis
1004 3887 1153 3960 Cassiani,
1169 3887 1221 3962 qui
1244 3905 1312 3946 cum
1333 3904 1381 3945 roo
1394 3905 1430 3943 m.

576 3983 615 4041 ad
628 3983 819 4042 Antiochiam
834 3987 1027 4059 repetendam
1044 3999 1189 4044 venerant
1204 4003 1213 4042 .·
1228 3985 1349 4043 victoria
1365 3984 1443 4058 insigr

577 4099 631 4141 eos
659 4083 792 4156 obtenta,
816 4083 1033 4158 Castellanum,
1048 4083 1211 4159 pluresque
1238 4083 1369 4142 infideles
1394 4083 1428 4140 sd

577 4179 696 4240 reduxit
715 4178 817 4253 fidem,
841 4197 911 4238 mox
938 4181 1028 4239 simul
1049 4193 1079 4239 et
1098 4181 1295 4239 Boemuudus
1315 4177 1443 4252 adsequi

578 4275 770 4336 Hierusalem
781 4275 949 4350 evolarunt,
969 4296 1096 4353 eamque
1117 4295 1198 4336 auno
1220 4295 1302 4350 1100,
1320 4277 1348 4332 15
1366 4275 1439 4347 Julii,

578 4372 678 4450 adepti
693 4371 835 4448 suut‚ubi
849 4373 913 4448 ejus
929 4373 1137 4434 Patriarcham
1149 4373 1337 4449 Arnulphum
1347 4372 1443 4431 lientic
