3150 5552
570 668 615 735 42
759 667 869 718 noras
892 669 936 720 ar
959 653 1089 720 mnas
1112 657 1415 734 nrcudotoerouas

571 927 653 994 ques
684 905 1052 992 qu‘iconographiques,
1086 927 1128 972 ne
1155 909 1302 972 donnent
1330 927 1388 991 pas
1418 909 1466 992 pla

571 1017 700 1079 doutes.

612 1121 676 1185 Les
706 1135 807 1184 textes
831 1121 872 1183 de
892 1117 1003 1182 visites
1031 1119 1221 1204 pourraient
1251 1119 1466 1186 certainenten

570 1227 684 1291 laisser
699 1227 780 1290 dans
794 1225 1024 1302 l’incertitude,
1041 1245 1095 1290 cer
1109 1227 1150 1290 ils
1165 1247 1205 1292 ne
1221 1228 1383 1312 precisent
1398 1227 1466 1290 nuil

571 1333 654 1398 mais
668 1333 715 1398 les
727 1335 853 1422 Leqons
867 1333 1015 1418 publices
1034 1353 1093 1418 par
1114 1335 1161 1398 M.
1180 1335 1292 1400 Miller
1314 1336 1422 1400 disent
1444 1337 1464 1396 b

571 1439 779 1524 l’Empereur
804 1441 949 1504 conceda
971 1459 1033 1504 aux
1060 1443 1174 1505 Frcres
1198 1442 1355 1530 mineurs,
1374 1467 1389 1500 ι
1409 1444 1467 1505 dcx

571 1545 657 1608 simo
676 1545 786 1610 lancee
810 1545 898 1610 ferro
914 1571 942 1628 u,
956 1547 1043 1611 alors
1057 1549 1133 1630 qu'a
1146 1548 1178 1612 la
1201 1550 1292 1636 lefort
1307 1549 1467 1633 preceden

571 1651 1467 1738 rapporrequ’aConstaminopleteratgloriosissimun

571 1761 705 1841 serrum,
720 1761 877 1825 omnibus
901 1761 1108 1824 tremendum
1123 1785 1152 1836 a,
1168 1781 1204 1824 ce
1225 1762 1283 1845 qui
1302 1779 1350 1826 est
1372 1761 1467 1846 preci:

569 1886 673 1930 avons
687 1869 727 1932 de
754 1867 829 1952 plus
850 1867 880 1932 le
900 1887 1034 1952 passage
1049 1868 1089 1930 de
1114 1869 1233 1932 Benoit
1246 1869 1325 1934 xlv
1338 1869 1359 1950 ¹,
1374 1869 1432 1952 qui
1444 1867 1467 1930 si

573 1975 693 2038 Paris«
710 1975 814 2038 solam
833 1975 1003 2060 cuspidem
1030 1975 1106 2038 ferri
1129 1976 1266 2040 Lanceae
1290 1975 1467 2040 Dominica

570 2080 675 2146 duino
698 2081 798 2146 fuisse
812 2083 853 2147 ad
875 2097 1025 2146 sanctum
1049 2103 1158 2166 regern
1181 2082 1389 2148 Ludovicum
1414 2081 1468 2146 nti:

572 2187 720 2269 ajoutant
741 2207 860 2253 encore
876 2207 883 2252 :
899 2213 914 2248 a
928 2189 980 2252 Ad
997 2209 1049 2252 me
1071 2189 1180 2272 itaque
1205 2189 1305 2254 missa
1326 2189 1389 2253 iuit
1411 2189 1468 2272 figt

571 2295 657 2380 quiae
671 2295 804 2374 lanceae,
820 2315 893 2378 quae
908 2309 955 2356 ast
970 2293 1005 2356 in
1020 2295 1105 2378 regis
1125 2295 1244 2358 sacello
1262 2294 1446 2378 parisiensi,
1464 2305 1468 2356 t

569 2401 741 2482 delineata,
766 2419 904 2484 eamque
929 2399 1056 2463 contuli
1081 2419 1157 2462 curn
1182 2399 1268 2463 ferro
1292 2399 1439 2484 ciusdem
1465 2401 1468 2464 ἶ

569 2509 660 2592 quod
684 2524 732 2572 est
750 2508 785 2572 in
800 2507 934 2572 basilica
947 2507 1114 2586 vaticana3
1134 2523 1165 2570 et
1180 2527 1269 2584 sane,
1286 2527 1325 2570 ex
1337 2523 1468 2571 accurat

569 2619 658 2682 tione
683 2617 855 2698 evincitur,
879 2617 1049 2702 cuspidem
1069 2616 1215 2698 Parisiis,
1240 2615 1402 2700 reliquam
1424 2633 1468 2676 ve:

570 2741 694 2810 partem
710 2725 745 2789 in
762 2725 853 2790 Urbe
868 2724 1012 2809 reperiri.
1027 2749 1043 2782 »

609 2831 698 2896 C'est
712 2831 800 2895 enfin
814 2832 845 2895 le
859 2830 969 2894 desain
993 2831 1033 2894 de
1057 2831 1198 2894 Morand
1211 2829 1221 2858 ¹
1234 2829 1290 2914 qui
1307 2849 1394 2894 nous
1409 2849 1469 2892 mo:

570 2937 684 3002 milieu
699 2939 797 3002 d’une
818 2937 909 3001 croix
929 2935 1111 3000 richement
1134 2941 1293 3020 gemmee,
1309 2957 1375 3000 une
1391 2951 1469 3000 tout<

569 3043 706 3127 relique,
722 3043 804 3107 dont
824 3043 856 3106 la
877 3043 1052 3126 grandem,
1066 3042 1097 3105 la
1118 3041 1235 3120 forme,
1251 3041 1321 3105 loin
1342 3042 1383 3105 de
1407 3061 1469 3104 rest

568 3152 674 3216 dune
705 3149 814 3227 lance,
840 3148 1017 3233 pouvaient
1048 3152 1156 3212 mente
1182 3148 1409 3213 difficilement
1443 3153 1469 3212 ἐι

569 3255 729 3339 tinguees.

609 3361 703 3424 Nous
719 3359 855 3423 n’avons
869 3359 956 3423 donc
971 3359 1045 3442 plus
1060 3359 1101 3422 de
1114 3377 1149 3422 ce
1164 3360 1236 3422 cdtd
1254 3357 1465 3422 d’hcsitation

569 3465 645 3530 bien
660 3465 691 3529 la
706 3465 818 3548 pointe
833 3465 874 3528 de
895 3463 926 3527 la
951 3463 1059 3528 Lance
1073 3462 1130 3546 qui
1150 3463 1258 3526 etaitd
1275 3463 1379 3540 Paris,
1397 3463 1469 3526 rien

569 3571 692 3656 pointe,
707 3587 738 3635 et
757 3591 843 3634 nous
860 3589 1012 3654 pouvons
1027 3571 1084 3636 des
1106 3571 1174 3634 lors
1197 3569 1324 3652 ajouter
1345 3569 1392 3632 foi
1414 3588 1469 3632 aur

568 3679 723 3761 niqueurs
747 3693 777 3742 ct
802 3695 865 3740 aux
889 3675 1086 3740 Itina'roires
1108 3675 1165 3758 qui
1189 3691 1269 3739 vont
1292 3675 1468 3739 continuet

568 3783 711 3866 signaler
729 3782 760 3846 la
783 3783 936 3865 presence
958 3783 997 3844 de
1019 3781 1050 3844 la
1074 3781 1180 3844 Lance
1200 3783 1219 3844 it
1240 3779 1469 3863 Constantino]

572 3889 778 3972 1357,Jehan
788 3889 829 3952 de
845 3887 1043 3952 Mandeville
1056 3887 1184 3951 declare
1195 3887 1309 3951 l’avoir
1323 3907 1385 3950 vue
1401 3903 1469 3949 tren

567 4015 627 4060 ans
641 3995 873 4079 auparavantd
895 3993 1172 4078 Constantinople
1191 4010 1222 4058 et
1244 4013 1337 4076 que«
1353 3993 1383 4056 le
1399 3993 1469 4056 fert

600 4279 622 4315 t.
638 4261 680 4315 De
699 4275 802 4314 servor.
824 4260 878 4314 Dei
898 4259 991 4327 beatis.
1013 4267 1041 4312 et
1152 4274 1176 4310 a.
1188 4257 1315 4311 Histoire
1324 4257 1358 4311 de
1368 4259 1395 4310 io
1408 4259 1469 4310 Sais

565 4353 677 4405 Beator.
696 4351 829 4420 canonis„
849 4349 896 4402 lib.
916 4349 961 4414 Ν,
976 4363 1040 4416 pars
1115 4349 1189 4416 pelle
1202 4347 1236 4399 de
1249 4347 1345 4411 Paris,
1359 4347 1469 4412 Paria(

566 4441 601 4506 11,
614 4455 637 4494 c.
652 4455 724 4493 xxxx.
1124 4437 1200 4506 1780,
1215 4437 1297 4504 in·4·‚
1311 4452 1338 4504 p.
1353 4451 1400 4502 40.
