<?xml version="1.0" encoding="UTF-8"?>
<!DOCTYPE html PUBLIC "-//W3C//DTD XHTML 1.0 Transitional//EN"
    "http://www.w3.org/TR/xhtml1/DTD/xhtml1-transitional.dtd">
<html xmlns="http://www.w3.org/1999/xhtml" xml:lang="en" lang="en">
 <head>
  <title>
</title>
<meta http-equiv="Content-Type" content="text/html;charset=utf-8" />
  <meta name='ocr-system' content='tesseract 3.04.00' />
  <meta name='ocr-capabilities' content='ocr_page ocr_carea ocr_par ocr_line ocrx_word'/>
</head>
<body>
  <div class='ocr_page' id='page_1' title='image "./exuvisacrconsta00mlgoog_0124.png"; bbox 0 0 2924 5364; ppageno 0'>
   <div class='ocr_carea' id='block_1_1' title="bbox 383 522 1433 604">
    <p class='ocr_par' dir='ltr' id='par_1_1' title="bbox 383 522 1433 604">
     <span class='ocr_line' id='line_1_1' title="bbox 383 522 1433 604; baseline 0.011 -18"><span class='ocrx_word' id='word_1_1' title='bbox 383 537 448 588; x_wconf 84' lang='lat' dir='ltr'><strong>rto</strong></span> <span class='ocrx_word' id='word_1_2' title='bbox 564 537 674 588; x_wconf 82' lang='lat' dir='ltr'><strong>uoras</strong></span> <span class='ocrx_word' id='word_1_3' title='bbox 696 537 741 589; x_wconf 84' lang='lat' dir='ltr'><strong>ur</strong></span> <span class='ocrx_word' id='word_1_4' title='bbox 762 523 893 591; x_wconf 70' lang='lat' dir='ltr'><strong>mnus</strong></span> <span class='ocrx_word' id='word_1_5' title='bbox 914 526 1225 604; x_wconf 71' lang='lat' dir='ltr'><strong>arcemononrouns</strong></span> <span class='ocrx_word' id='word_1_6' title='bbox 1427 522 1433 603; x_wconf 74' lang='lat'><strong>⁸,</strong></span> 
     </span>
    </p>
   </div>
   <div class='ocr_carea' id='block_1_2' title="bbox 1427 624 1454 711">
    <p class='ocr_par' dir='ltr' id='par_1_2' title="bbox 1427 624 1454 711">
     <span class='ocr_line' id='line_1_2' title="bbox 1427 624 1454 711; baseline 0 0"><span class='ocrx_word' id='word_1_7' title='bbox 1427 624 1454 711; x_wconf 67' lang='lat' dir='ltr'><strong>i·</strong></span> 
     </span>
    </p>
   </div>
   <div class='ocr_carea' id='block_1_3' title="bbox 366 756 1454 3800">
    <p class='ocr_par' dir='ltr' id='par_1_3' title="bbox 374 756 1454 1525">
     <span class='ocr_line' id='line_1_3' title="bbox 377 756 1454 858; baseline 0.007 -28"><span class='ocrx_word' id='word_1_8' title='bbox 377 771 557 835; x_wconf 88' lang='lat' dir='ltr'><strong>humilitatis</strong></span> <span class='ocrx_word' id='word_1_9' title='bbox 566 774 816 853; x_wconf 87' lang='lat' dir='ltr'><strong>obsequiopedes</strong></span> <span class='ocrx_word' id='word_1_10' title='bbox 825 778 1188 856; x_wconf 83' lang='lat' dir='ltr'><strong>discipulorumextersit.</strong></span> <span class='ocrx_word' id='word_1_11' title='bbox 1198 778 1406 858; x_wconf 72' lang='lat' dir='ltr'><strong>Eratdeniqu</strong></span> <span class='ocrx_word' id='word_1_12' title='bbox 1431 756 1454 831; x_wconf 51' lang='lat' dir='ltr'><strong>fi!</strong></span> 
     </span>
     <span class='ocr_line' id='line_1_4' title="bbox 375 873 1454 958; baseline 0.007 -27"><span class='ocrx_word' id='word_1_13' title='bbox 375 888 446 947; x_wconf 90' lang='lat' dir='ltr'><strong>pars</strong></span> <span class='ocrx_word' id='word_1_14' title='bbox 461 873 592 948; x_wconf 88' lang='lat' dir='ltr'><strong>quedam</strong></span> <span class='ocrx_word' id='word_1_15' title='bbox 606 876 645 934; x_wconf 91' lang='lat' dir='ltr'><strong>de</strong></span> <span class='ocrx_word' id='word_1_16' title='bbox 657 877 749 955; x_wconf 90' lang='lat' dir='ltr'><strong>peplo</strong></span> <span class='ocrx_word' id='word_1_17' title='bbox 766 879 986 956; x_wconf 77' lang='lat' dir='ltr'><strong>gloriosissime</strong></span> <span class='ocrx_word' id='word_1_18' title='bbox 997 880 1131 958; x_wconf 76' lang='lat' dir='ltr'><strong>Virginis</strong></span> <span class='ocrx_word' id='word_1_19' title='bbox 1150 892 1183 940; x_wconf 91' lang='lat' dir='ltr'><strong>et</strong></span> <span class='ocrx_word' id='word_1_20' title='bbox 1195 880 1286 958; x_wconf 82' lang='lat' dir='ltr'><strong>virga</strong></span> <span class='ocrx_word' id='word_1_21' title='bbox 1299 876 1407 957; x_wconf 70' lang='lat' dir='ltr'><strong>Mopds</strong></span> <span class='ocrx_word' id='word_1_22' title='bbox 1427 886 1454 955; x_wconf 56' lang='grc' dir='ltr'><strong>ξ’</strong></span> 
     </span>
     <span class='ocr_line' id='line_1_5' title="bbox 376 964 1454 1054; baseline 0.009 -26"><span class='ocrx_word' id='word_1_23' title='bbox 376 987 437 1046; x_wconf 88' lang='lat' dir='ltr'><strong>qua</strong></span> <span class='ocrx_word' id='word_1_24' title='bbox 451 970 555 1029; x_wconf 81' lang='lat' dir='ltr'><strong>eduxit</strong></span> <span class='ocrx_word' id='word_1_25' title='bbox 568 989 679 1048; x_wconf 91' lang='lat' dir='ltr'><strong>aquam</strong></span> <span class='ocrx_word' id='word_1_26' title='bbox 692 975 731 1034; x_wconf 94' lang='lat' dir='ltr'><strong>de</strong></span> <span class='ocrx_word' id='word_1_27' title='bbox 744 993 821 1035; x_wconf 88' lang='lat' dir='ltr'><strong>vena</strong></span> <span class='ocrx_word' id='word_1_28' title='bbox 833 976 937 1048; x_wconf 89' lang='lat' dir='ltr'><strong>silicis,</strong></span> <span class='ocrx_word' id='word_1_29' title='bbox 954 990 985 1038; x_wconf 93' lang='lat' dir='ltr'><strong>et</strong></span> <span class='ocrx_word' id='word_1_30' title='bbox 997 977 1028 1036; x_wconf 89' lang='lat' dir='ltr'><strong>in</strong></span> <span class='ocrx_word' id='word_1_31' title='bbox 1048 979 1136 1054; x_wconf 86' lang='lat' dir='ltr'><strong>cujus</strong></span> <span class='ocrx_word' id='word_1_32' title='bbox 1149 978 1268 1039; x_wconf 73' lang='lat' dir='ltr'><strong>vinute</strong></span> <span class='ocrx_word' id='word_1_33' title='bbox 1282 975 1408 1038; x_wconf 79' lang='lat' dir='ltr'><strong>factisla</strong></span> <span class='ocrx_word' id='word_1_34' title='bbox 1437 964 1454 1025; x_wconf 58' lang='grc' dir='ltr'>ἕ</span> 
     </span>
     <span class='ocr_line' id='line_1_6' title="bbox 377 1066 1454 1150; baseline 0.005 -20"><span class='ocrx_word' id='word_1_35' title='bbox 377 1072 497 1149; x_wconf 84' lang='lat' dir='ltr'><strong>Egypto</strong></span> <span class='ocrx_word' id='word_1_36' title='bbox 512 1073 607 1149; x_wconf 91' lang='lat' dir='ltr'><strong>signis</strong></span> <span class='ocrx_word' id='word_1_37' title='bbox 620 1086 713 1149; x_wconf 88' lang='lat' dir='ltr'><strong>atque</strong></span> <span class='ocrx_word' id='word_1_38' title='bbox 726 1073 875 1150; x_wconf 90' lang='lat' dir='ltr'><strong>portentis</strong></span> <span class='ocrx_word' id='word_1_39' title='bbox 888 1074 954 1150; x_wconf 90' lang='lat' dir='ltr'><strong>ipse</strong></span> <span class='ocrx_word' id='word_1_40' title='bbox 975 1075 1014 1134; x_wconf 87' lang='lat' dir='ltr'><strong>ad</strong></span> <span class='ocrx_word' id='word_1_41' title='bbox 1035 1075 1179 1135; x_wconf 91' lang='lat' dir='ltr'><strong>ultimum</strong></span> <span class='ocrx_word' id='word_1_42' title='bbox 1198 1075 1285 1134; x_wconf 86' lang='lat' dir='ltr'><strong>filios</strong></span> <span class='ocrx_word' id='word_1_43' title='bbox 1299 1072 1408 1135; x_wconf 82' lang='lat' dir='ltr'><strong>lsrab&#39;el</strong></span> <span class='ocrx_word' id='word_1_44' title='bbox 1441 1066 1454 1125; x_wconf 70' lang='lat'><strong>³1</strong></span> 
     </span>
     <span class='ocr_line' id='line_1_7' title="bbox 375 1169 1454 1247; baseline 0.006 -19"><span class='ocrx_word' id='word_1_45' title='bbox 375 1169 459 1229; x_wconf 89' lang='lat' dir='ltr'><strong>sicco</strong></span> <span class='ocrx_word' id='word_1_46' title='bbox 479 1171 607 1246; x_wconf 84' lang='lat' dir='ltr'><strong>vestigio</strong></span> <span class='ocrx_word' id='word_1_47' title='bbox 631 1171 767 1231; x_wconf 79' lang='lat' dir='ltr'><strong>traduxit</strong></span> <span class='ocrx_word' id='word_1_48' title='bbox 782 1188 838 1247; x_wconf 90' lang='lat' dir='ltr'><strong>per</strong></span> <span class='ocrx_word' id='word_1_49' title='bbox 858 1173 993 1231; x_wconf 89' lang='lat' dir='ltr'><strong>medium</strong></span> <span class='ocrx_word' id='word_1_50' title='bbox 1010 1173 1083 1232; x_wconf 87' lang='lat' dir='ltr'><strong>sicci</strong></span> <span class='ocrx_word' id='word_1_51' title='bbox 1102 1174 1196 1232; x_wconf 89' lang='lat' dir='ltr'><strong>maris</strong></span> <span class='ocrx_word' id='word_1_52' title='bbox 1214 1175 1236 1234; x_wconf 79' lang='lat'><strong>⁸.</strong></span> <span class='ocrx_word' id='word_1_53' title='bbox 1252 1175 1322 1234; x_wconf 73' lang='lat' dir='ltr'><strong>Hoc</strong></span> <span class='ocrx_word' id='word_1_54' title='bbox 1342 1184 1409 1233; x_wconf 84' lang='lat' dir='ltr'><strong>sunt</strong></span> <span class='ocrx_word' id='word_1_55' title='bbox 1444 1184 1454 1222; x_wconf 77' lang='lat'><strong>‘-</strong></span> 
     </span>
     <span class='ocr_line' id='line_1_8' title="bbox 374 1267 1454 1347; baseline 0.006 -21"><span class='ocrx_word' id='word_1_56' title='bbox 374 1267 514 1345; x_wconf 89' lang='lat' dir='ltr'><strong>preciosa</strong></span> <span class='ocrx_word' id='word_1_57' title='bbox 528 1269 658 1344; x_wconf 90' lang='lat' dir='ltr'><strong>pignora</strong></span> <span class='ocrx_word' id='word_1_58' title='bbox 672 1287 732 1345; x_wconf 92' lang='lat' dir='ltr'><strong>que</strong></span> <span class='ocrx_word' id='word_1_59' title='bbox 746 1269 856 1343; x_wconf 88' lang='lat' dir='ltr'><strong>adhuc,</strong></span> <span class='ocrx_word' id='word_1_60' title='bbox 868 1282 902 1328; x_wconf 94' lang='lat' dir='ltr'><strong>ut</strong></span> <span class='ocrx_word' id='word_1_61' title='bbox 918 1286 1009 1347; x_wconf 88' lang='lat' dir='ltr'><strong>supra</strong></span> <span class='ocrx_word' id='word_1_62' title='bbox 1027 1271 1142 1330; x_wconf 90' lang='lat' dir='ltr'><strong>dictum</strong></span> <span class='ocrx_word' id='word_1_63' title='bbox 1161 1284 1219 1346; x_wconf 90' lang='lat' dir='ltr'><strong>est,</strong></span> <span class='ocrx_word' id='word_1_64' title='bbox 1232 1271 1409 1333; x_wconf 82' lang='lat' dir='ltr'><strong>Constanti·</strong></span> <span class='ocrx_word' id='word_1_65' title='bbox 1452 1286 1454 1291; x_wconf 90' lang='grc'><strong><em>·</em></strong></span> 
     </span>
     <span class='ocr_line' id='line_1_9' title="bbox 375 1366 1409 1448; baseline 0.009 -24"><span class='ocrx_word' id='word_1_66' title='bbox 375 1366 481 1442; x_wconf 90' lang='lat' dir='ltr'><strong>nopoli</strong></span> <span class='ocrx_word' id='word_1_67' title='bbox 495 1380 582 1427; x_wconf 89' lang='lat' dir='ltr'><strong>erant</strong></span> <span class='ocrx_word' id='word_1_68' title='bbox 594 1367 763 1442; x_wconf 88' lang='lat' dir='ltr'><strong>recondita,</strong></span> <span class='ocrx_word' id='word_1_69' title='bbox 778 1369 956 1444; x_wconf 91' lang='lat' dir='ltr'><strong>inquorum</strong></span> <span class='ocrx_word' id='word_1_70' title='bbox 975 1369 1204 1446; x_wconf 88' lang='lat' dir='ltr'><strong>comparatione</strong></span> <span class='ocrx_word' id='word_1_71' title='bbox 1220 1371 1409 1448; x_wconf 82' lang='lat' dir='ltr'><strong>quantalibet</strong></span> 
     </span>
     <span class='ocr_line' id='line_1_10' title="bbox 375 1463 691 1525; baseline 0.006 -3"><span class='ocrx_word' id='word_1_72' title='bbox 375 1463 494 1524; x_wconf 86' lang='lat' dir='ltr'><strong>vilescit</strong></span> <span class='ocrx_word' id='word_1_73' title='bbox 506 1465 691 1525; x_wconf 88' lang='lat' dir='ltr'><strong>substancia.</strong></span> 
     </span>
    </p>

    <p class='ocr_par' dir='ltr' id='par_1_4' title="bbox 366 1566 1411 3800">
     <span class='ocr_line' id='line_1_11' title="bbox 410 1566 1410 1647; baseline 0.008 -23"><span class='ocrx_word' id='word_1_74' title='bbox 410 1566 490 1625; x_wconf 90' lang='lat' dir='ltr'><strong>Cum</strong></span> <span class='ocrx_word' id='word_1_75' title='bbox 516 1579 626 1626; x_wconf 89' lang='lat' dir='ltr'><strong>cuncta</strong></span> <span class='ocrx_word' id='word_1_76' title='bbox 652 1567 709 1627; x_wconf 89' lang='lat' dir='ltr'><strong>bec</strong></span> <span class='ocrx_word' id='word_1_77' title='bbox 732 1567 870 1628; x_wconf 82' lang='lat' dir='ltr'><strong>sollertes</strong></span> <span class='ocrx_word' id='word_1_78' title='bbox 896 1567 1000 1626; x_wconf 90' lang='lat' dir='ltr'><strong>nuncii</strong></span> <span class='ocrx_word' id='word_1_79' title='bbox 1026 1567 1071 1626; x_wconf 91' lang='lat' dir='ltr'><strong>ibi</strong></span> <span class='ocrx_word' id='word_1_80' title='bbox 1096 1569 1134 1627; x_wconf 88' lang='lat' dir='ltr'><strong>ab</strong></span> <span class='ocrx_word' id='word_1_81' title='bbox 1161 1568 1319 1647; x_wconf 88' lang='lat' dir='ltr'><strong>indigenis</strong></span> <span class='ocrx_word' id='word_1_82' title='bbox 1343 1586 1410 1631; x_wconf 82' lang='lat' dir='ltr'><strong>esse</strong></span> 
     </span>
     <span class='ocr_line' id='line_1_12' title="bbox 374 1664 1410 1742; baseline 0.003 -16"><span class='ocrx_word' id='word_1_83' title='bbox 374 1664 562 1740; x_wconf 83' lang='lat' dir='ltr'><strong>didicissent,</strong></span> <span class='ocrx_word' id='word_1_84' title='bbox 575 1677 607 1724; x_wconf 88' lang='lat' dir='ltr'><strong>et</strong></span> <span class='ocrx_word' id='word_1_85' title='bbox 626 1665 666 1724; x_wconf 88' lang='lat' dir='ltr'><strong>ad</strong></span> <span class='ocrx_word' id='word_1_86' title='bbox 683 1664 799 1725; x_wconf 91' lang='lat' dir='ltr'><strong>dictum</strong></span> <span class='ocrx_word' id='word_1_87' title='bbox 820 1665 1006 1724; x_wconf 75' lang='lat' dir='ltr'><strong>balduinum</strong></span> <span class='ocrx_word' id='word_1_88' title='bbox 1024 1665 1241 1742; x_wconf 74' lang='lat' dir='ltr'><strong>imperatorem</strong></span> <span class='ocrx_word' id='word_1_89' title='bbox 1254 1666 1410 1729; x_wconf 79' lang='lat' dir='ltr'><strong>humiliter</strong></span> 
     </span>
     <span class='ocr_line' id='line_1_13' title="bbox 374 1763 1410 1844; baseline 0.002 -20"><span class='ocrx_word' id='word_1_90' title='bbox 374 1765 565 1838; x_wconf 85' lang='lat' dir='ltr'><strong>accedentes,</strong></span> <span class='ocrx_word' id='word_1_91' title='bbox 594 1780 626 1822; x_wconf 91' lang='lat' dir='ltr'><strong>se</strong></span> <span class='ocrx_word' id='word_1_92' title='bbox 649 1777 864 1840; x_wconf 77' lang='lat' dir='ltr'><strong>procuratores</strong></span> <span class='ocrx_word' id='word_1_93' title='bbox 885 1782 921 1822; x_wconf 89' lang='lat' dir='ltr'><strong>ac</strong></span> <span class='ocrx_word' id='word_1_94' title='bbox 949 1763 1078 1823; x_wconf 90' lang='lat' dir='ltr'><strong>nuncios</strong></span> <span class='ocrx_word' id='word_1_95' title='bbox 1103 1764 1184 1841; x_wconf 90' lang='lat' dir='ltr'><strong>regis</strong></span> <span class='ocrx_word' id='word_1_96' title='bbox 1206 1765 1337 1826; x_wconf 77' lang='lat' dir='ltr'><strong>Francia</strong></span> <span class='ocrx_word' id='word_1_97' title='bbox 1355 1782 1410 1844; x_wconf 89' lang='lat' dir='ltr'><strong>pet</strong></span> 
     </span>
     <span class='ocr_line' id='line_1_14' title="bbox 372 1862 1410 1940; baseline 0.002 -18"><span class='ocrx_word' id='word_1_98' title='bbox 372 1875 512 1940; x_wconf 88' lang='lat' dir='ltr'><strong>patentes</strong></span> <span class='ocrx_word' id='word_1_99' title='bbox 534 1865 600 1940; x_wconf 91' lang='lat' dir='ltr'><strong>ejus</strong></span> <span class='ocrx_word' id='word_1_100' title='bbox 618 1863 734 1922; x_wconf 76' lang='lat' dir='ltr'><strong>litteras</strong></span> <span class='ocrx_word' id='word_1_101' title='bbox 753 1862 933 1922; x_wconf 88' lang='lat' dir='ltr'><strong>creditorias</strong></span> <span class='ocrx_word' id='word_1_102' title='bbox 956 1862 1173 1936; x_wconf 88' lang='lat' dir='ltr'><strong>ostendissent,</strong></span> <span class='ocrx_word' id='word_1_103' title='bbox 1189 1877 1298 1924; x_wconf 88' lang='lat' dir='ltr'><strong>mutue</strong></span> <span class='ocrx_word' id='word_1_104' title='bbox 1315 1862 1410 1924; x_wconf 81' lang='lat' dir='ltr'><strong>dilee-</strong></span> 
     </span>
     <span class='ocr_line' id='line_1_15' title="bbox 372 1959 1410 2040; baseline 0 -19"><span class='ocrx_word' id='word_1_105' title='bbox 372 1961 466 2021; x_wconf 89' lang='lat' dir='ltr'><strong>tionis</strong></span> <span class='ocrx_word' id='word_1_106' title='bbox 489 1974 519 2020; x_wconf 91' lang='lat' dir='ltr'><strong>et</strong></span> <span class='ocrx_word' id='word_1_107' title='bbox 537 1960 741 2020; x_wconf 79' lang='lat' dir='ltr'><strong>obnoxietatis</strong></span> <span class='ocrx_word' id='word_1_108' title='bbox 763 1959 958 2019; x_wconf 88' lang='lat' dir='ltr'><strong>amminicula</strong></span> <span class='ocrx_word' id='word_1_109' title='bbox 976 1960 1055 2036; x_wconf 87' lang='lat' dir='ltr'><strong>regis</strong></span> <span class='ocrx_word' id='word_1_110' title='bbox 1079 1961 1118 2018; x_wconf 86' lang='lat' dir='ltr'><strong>ad</strong></span> <span class='ocrx_word' id='word_1_111' title='bbox 1140 1960 1243 2035; x_wconf 90' lang='lat' dir='ltr'><strong>ipsum</strong></span> <span class='ocrx_word' id='word_1_112' title='bbox 1262 1974 1295 2022; x_wconf 94' lang='lat' dir='ltr'><strong>et</strong></span> <span class='ocrx_word' id='word_1_113' title='bbox 1313 1961 1410 2040; x_wconf 85' lang='lat' dir='ltr'><strong>ipsius</strong></span> 
     </span>
     <span class='ocr_line' id='line_1_16' title="bbox 373 2057 1411 2136; baseline 0.001 -18"><span class='ocrx_word' id='word_1_114' title='bbox 373 2060 413 2118; x_wconf 90' lang='lat' dir='ltr'><strong>ad</strong></span> <span class='ocrx_word' id='word_1_115' title='bbox 435 2076 536 2136; x_wconf 90' lang='lat' dir='ltr'><strong>regem</strong></span> <span class='ocrx_word' id='word_1_116' title='bbox 555 2071 702 2134; x_wconf 88' lang='lat' dir='ltr'><strong>ceperunt</strong></span> <span class='ocrx_word' id='word_1_117' title='bbox 725 2057 758 2116; x_wconf 91' lang='lat' dir='ltr'><strong>in</strong></span> <span class='ocrx_word' id='word_1_118' title='bbox 773 2057 908 2117; x_wconf 91' lang='lat' dir='ltr'><strong>medium</strong></span> <span class='ocrx_word' id='word_1_119' title='bbox 927 2059 1088 2133; x_wconf 91' lang='lat' dir='ltr'><strong>deducere,</strong></span> <span class='ocrx_word' id='word_1_120' title='bbox 1100 2072 1135 2118; x_wconf 89' lang='lat' dir='ltr'><strong>ut</strong></span> <span class='ocrx_word' id='word_1_121' title='bbox 1154 2077 1210 2135; x_wconf 93' lang='lat' dir='ltr'><strong>per</strong></span> <span class='ocrx_word' id='word_1_122' title='bbox 1230 2059 1292 2118; x_wconf 88' lang='lat' dir='ltr'><strong>bec</strong></span> <span class='ocrx_word' id='word_1_123' title='bbox 1309 2073 1411 2119; x_wconf 85' lang='lat' dir='ltr'><strong>cetera</strong></span> 
     </span>
     <span class='ocr_line' id='line_1_17' title="bbox 373 2157 1409 2236; baseline -0.001 -18"><span class='ocrx_word' id='word_1_124' title='bbox 373 2177 433 2236; x_wconf 90' lang='lat' dir='ltr'><strong>que</strong></span> <span class='ocrx_word' id='word_1_125' title='bbox 448 2158 561 2218; x_wconf 82' lang='lat' dir='ltr'><strong>favoris</strong></span> <span class='ocrx_word' id='word_1_126' title='bbox 580 2157 776 2217; x_wconf 90' lang='lat' dir='ltr'><strong>incitamenta</strong></span> <span class='ocrx_word' id='word_1_127' title='bbox 799 2169 924 2232; x_wconf 85' lang='lat' dir='ltr'><strong>possent</strong></span> <span class='ocrx_word' id='word_1_128' title='bbox 938 2158 1003 2231; x_wconf 85' lang='lat' dir='ltr'><strong>ejus</strong></span> <span class='ocrx_word' id='word_1_129' title='bbox 1020 2157 1233 2216; x_wconf 87' lang='lat' dir='ltr'><strong>celsitudinem</strong></span> <span class='ocrx_word' id='word_1_130' title='bbox 1246 2157 1409 2234; x_wconf 85' lang='lat' dir='ltr'><strong>inclinare,</strong></span> 
     </span>
     <span class='ocr_line' id='line_1_18' title="bbox 372 2254 1410 2333; baseline -0.002 -17"><span class='ocrx_word' id='word_1_131' title='bbox 372 2275 434 2333; x_wconf 94' lang='lat' dir='ltr'><strong>quo</strong></span> <span class='ocrx_word' id='word_1_132' title='bbox 450 2256 607 2315; x_wconf 81' lang='lat' dir='ltr'><strong>liberalius</strong></span> <span class='ocrx_word' id='word_1_133' title='bbox 626 2256 670 2315; x_wconf 90' lang='lat' dir='ltr'><strong>eis</strong></span> <span class='ocrx_word' id='word_1_134' title='bbox 692 2256 873 2315; x_wconf 90' lang='lat' dir='ltr'><strong>concederet</strong></span> <span class='ocrx_word' id='word_1_135' title='bbox 894 2272 953 2330; x_wconf 93' lang='lat' dir='ltr'><strong>que</strong></span> <span class='ocrx_word' id='word_1_136' title='bbox 968 2273 1005 2312; x_wconf 91' lang='lat' dir='ltr'><strong>ex</strong></span> <span class='ocrx_word' id='word_1_137' title='bbox 1022 2267 1107 2330; x_wconf 91' lang='lat' dir='ltr'><strong>parte</strong></span> <span class='ocrx_word' id='word_1_138' title='bbox 1121 2254 1202 2330; x_wconf 91' lang='lat' dir='ltr'><strong>regis</strong></span> <span class='ocrx_word' id='word_1_139' title='bbox 1222 2256 1262 2314; x_wconf 87' lang='lat' dir='ltr'><strong>ab</strong></span> <span class='ocrx_word' id='word_1_140' title='bbox 1284 2273 1323 2314; x_wconf 87' lang='lat' dir='ltr'><strong>eo</strong></span> <span class='ocrx_word' id='word_1_141' title='bbox 1335 2273 1410 2332; x_wconf 89' lang='lat' dir='ltr'><strong>pro·</strong></span> 
     </span>
     <span class='ocr_line' id='line_1_19' title="bbox 370 2351 1411 2432; baseline 0 -19"><span class='ocrx_word' id='word_1_142' title='bbox 370 2366 538 2432; x_wconf 91' lang='lat' dir='ltr'><strong>posuerant</strong></span> <span class='ocrx_word' id='word_1_143' title='bbox 547 2355 712 2430; x_wconf 89' lang='lat' dir='ltr'><strong>postulare.</strong></span> <span class='ocrx_word' id='word_1_144' title='bbox 726 2353 808 2424; x_wconf 90' lang='lat' dir='ltr'><strong>Quid</strong></span> <span class='ocrx_word' id='word_1_145' title='bbox 817 2351 924 2428; x_wconf 82' lang='lat' dir='ltr'><strong>plura?</strong></span> <span class='ocrx_word' id='word_1_146' title='bbox 933 2355 977 2411; x_wconf 90' lang='lat' dir='ltr'><strong>De</strong></span> <span class='ocrx_word' id='word_1_147' title='bbox 990 2352 1181 2411; x_wconf 85' lang='lat' dir='ltr'><strong>sanctissimo</strong></span> <span class='ocrx_word' id='word_1_148' title='bbox 1195 2355 1319 2413; x_wconf 87' lang='lat' dir='ltr'><strong>Lancee</strong></span> <span class='ocrx_word' id='word_1_149' title='bbox 1328 2354 1411 2414; x_wconf 86' lang='lat' dir='ltr'><strong>ferro</strong></span> 
     </span>
     <span class='ocr_line' id='line_1_20' title="bbox 372 2450 1410 2528; baseline 0 -17"><span class='ocrx_word' id='word_1_150' title='bbox 372 2451 542 2528; x_wconf 89' lang='lat' dir='ltr'><strong>ceterisque</strong></span> <span class='ocrx_word' id='word_1_151' title='bbox 557 2469 615 2527; x_wconf 89' lang='lat' dir='ltr'><strong>que</strong></span> <span class='ocrx_word' id='word_1_152' title='bbox 631 2452 803 2528; x_wconf 90' lang='lat' dir='ltr'><strong>supradicta</strong></span> <span class='ocrx_word' id='word_1_153' title='bbox 817 2464 889 2509; x_wconf 89' lang='lat' dir='ltr'><strong>sunt</strong></span> <span class='ocrx_word' id='word_1_154' title='bbox 903 2451 937 2508; x_wconf 87' lang='lat' dir='ltr'><strong>fit</strong></span> <span class='ocrx_word' id='word_1_155' title='bbox 949 2450 1079 2523; x_wconf 88' lang='lat' dir='ltr'><strong>mencio,</strong></span> <span class='ocrx_word' id='word_1_156' title='bbox 1093 2468 1152 2526; x_wconf 89' lang='lat' dir='ltr'><strong>que</strong></span> <span class='ocrx_word' id='word_1_157' title='bbox 1166 2464 1201 2509; x_wconf 90' lang='lat' dir='ltr'><strong>ut</strong></span> <span class='ocrx_word' id='word_1_158' title='bbox 1216 2451 1281 2527; x_wconf 85' lang='lat' dir='ltr'><strong>regi</strong></span> <span class='ocrx_word' id='word_1_159' title='bbox 1296 2469 1410 2511; x_wconf 87' lang='lat' dir='ltr'><strong>couce-</strong></span> 
     </span>
     <span class='ocr_line' id='line_1_21' title="bbox 371 2548 1411 2626; baseline -0.001 -17"><span class='ocrx_word' id='word_1_160' title='bbox 371 2550 483 2610; x_wconf 90' lang='lat' dir='ltr'><strong>dantur</strong></span> <span class='ocrx_word' id='word_1_161' title='bbox 495 2564 637 2625; x_wconf 89' lang='lat' dir='ltr'><strong>porrecta</strong></span> <span class='ocrx_word' id='word_1_162' title='bbox 651 2563 697 2608; x_wconf 90' lang='lat' dir='ltr'><strong>est</strong></span> <span class='ocrx_word' id='word_1_163' title='bbox 712 2549 839 2608; x_wconf 82' lang='lat' dir='ltr'><strong>fratrum</strong></span> <span class='ocrx_word' id='word_1_164' title='bbox 861 2550 984 2626; x_wconf 89' lang='lat' dir='ltr'><strong>peticio.</strong></span> <span class='ocrx_word' id='word_1_165' title='bbox 1002 2551 1063 2608; x_wconf 87' lang='lat' dir='ltr'><strong>Sed</strong></span> <span class='ocrx_word' id='word_1_166' title='bbox 1084 2548 1230 2625; x_wconf 86' lang='lat' dir='ltr'><strong>quoniam</strong></span> <span class='ocrx_word' id='word_1_167' title='bbox 1243 2548 1279 2607; x_wconf 90' lang='lat' dir='ltr'><strong>in</strong></span> <span class='ocrx_word' id='word_1_168' title='bbox 1293 2549 1411 2608; x_wconf 84' lang='lat' dir='ltr'><strong>talibus</strong></span> 
     </span>
     <span class='ocr_line' id='line_1_22' title="bbox 371 2646 1411 2723; baseline 0 -17"><span class='ocrx_word' id='word_1_169' title='bbox 371 2665 491 2723; x_wconf 89' lang='lat' dir='ltr'><strong>semper</strong></span> <span class='ocrx_word' id='word_1_170' title='bbox 513 2647 648 2705; x_wconf 85' lang='lat' dir='ltr'><strong>cavenda</strong></span> <span class='ocrx_word' id='word_1_171' title='bbox 667 2660 712 2706; x_wconf 88' lang='lat' dir='ltr'><strong>est</strong></span> <span class='ocrx_word' id='word_1_172' title='bbox 737 2647 891 2723; x_wconf 88' lang='lat' dir='ltr'><strong>inprovise</strong></span> <span class='ocrx_word' id='word_1_173' title='bbox 906 2648 1111 2707; x_wconf 84' lang='lat' dir='ltr'><strong>festinationis</strong></span> <span class='ocrx_word' id='word_1_174' title='bbox 1126 2646 1350 2722; x_wconf 74' lang='lat' dir='ltr'><strong>impetuositas,</strong></span> <span class='ocrx_word' id='word_1_175' title='bbox 1371 2648 1411 2706; x_wconf 87' lang='lat' dir='ltr'><strong>ad</strong></span> 
     </span>
     <span class='ocr_line' id='line_1_23' title="bbox 371 2743 1409 2821; baseline 0.001 -17"><span class='ocrx_word' id='word_1_176' title='bbox 371 2744 602 2804; x_wconf 88' lang='lat' dir='ltr'><strong>deliberandum</strong></span> <span class='ocrx_word' id='word_1_177' title='bbox 618 2743 789 2818; x_wconf 89' lang='lat' dir='ltr'><strong>superboc,</strong></span> <span class='ocrx_word' id='word_1_178' title='bbox 800 2756 891 2819; x_wconf 93' lang='lat' dir='ltr'><strong>prout</strong></span> <span class='ocrx_word' id='word_1_179' title='bbox 901 2745 1057 2821; x_wconf 88' lang='lat' dir='ltr'><strong>gravitatis</strong></span> <span class='ocrx_word' id='word_1_180' title='bbox 1069 2746 1235 2820; x_wconf 89' lang='lat' dir='ltr'><strong>imperialis</strong></span> <span class='ocrx_word' id='word_1_181' title='bbox 1250 2745 1409 2820; x_wconf 71' lang='lat' dir='ltr'><strong>intererat,</strong></span> 
     </span>
     <span class='ocr_line' id='line_1_24' title="bbox 369 2840 1409 2920; baseline 0.001 -18"><span class='ocrx_word' id='word_1_182' title='bbox 369 2841 476 2919; x_wconf 90' lang='lat' dir='ltr'><strong>petivit</strong></span> <span class='ocrx_word' id='word_1_183' title='bbox 503 2840 651 2900; x_wconf 86' lang='lat' dir='ltr'><strong>inducias.</strong></span> <span class='ocrx_word' id='word_1_184' title='bbox 671 2841 739 2899; x_wconf 85' lang='lat' dir='ltr'><strong>liiis</strong></span> <span class='ocrx_word' id='word_1_185' title='bbox 763 2840 855 2916; x_wconf 91' lang='lat' dir='ltr'><strong>igitur</strong></span> <span class='ocrx_word' id='word_1_186' title='bbox 879 2859 939 2916; x_wconf 88' lang='lat' dir='ltr'><strong>que</strong></span> <span class='ocrx_word' id='word_1_187' title='bbox 967 2842 1047 2900; x_wconf 89' lang='lat' dir='ltr'><strong>circa</strong></span> <span class='ocrx_word' id='word_1_188' title='bbox 1072 2843 1409 2920; x_wconf 89' lang='lat' dir='ltr'><strong>Constantinopolitani</strong></span> 
     </span>
     <span class='ocr_line' id='line_1_25' title="bbox 370 2938 1411 3018; baseline 0.003 -20"><span class='ocrx_word' id='word_1_189' title='bbox 370 2953 482 3001; x_wconf 89' lang='lat' dir='ltr'><strong>statum</strong></span> <span class='ocrx_word' id='word_1_190' title='bbox 502 2939 621 3014; x_wconf 90' lang='lat' dir='ltr'><strong>imperii</strong></span> <span class='ocrx_word' id='word_1_191' title='bbox 637 2939 810 2997; x_wconf 86' lang='lat' dir='ltr'><strong>acciderant</strong></span> <span class='ocrx_word' id='word_1_192' title='bbox 830 2938 878 2998; x_wconf 85' lang='lat' dir='ltr'><strong>vel</strong></span> <span class='ocrx_word' id='word_1_193' title='bbox 893 2938 1032 2996; x_wconf 88' lang='lat' dir='ltr'><strong>accidere</strong></span> <span class='ocrx_word' id='word_1_194' title='bbox 1050 2952 1190 3014; x_wconf 88' lang='lat' dir='ltr'><strong>poterant</strong></span> <span class='ocrx_word' id='word_1_195' title='bbox 1205 2939 1411 3018; x_wconf 87' lang='lat' dir='ltr'><strong>circumspec-</strong></span> 
     </span>
     <span class='ocr_line' id='line_1_26' title="bbox 368 3038 1411 3114; baseline 0.003 -17"><span class='ocrx_word' id='word_1_196' title='bbox 368 3038 419 3112; x_wconf 87' lang='lat' dir='ltr'><strong>tis,</strong></span> <span class='ocrx_word' id='word_1_197' title='bbox 445 3038 572 3113; x_wconf 90' lang='lat' dir='ltr'><strong>visoque</strong></span> <span class='ocrx_word' id='word_1_198' title='bbox 592 3039 744 3114; x_wconf 90' lang='lat' dir='ltr'><strong>sapienter</strong></span> <span class='ocrx_word' id='word_1_199' title='bbox 764 3052 794 3096; x_wconf 89' lang='lat' dir='ltr'><strong>et</strong></span> <span class='ocrx_word' id='word_1_200' title='bbox 817 3038 940 3113; x_wconf 89' lang='lat' dir='ltr'><strong>cognito</strong></span> <span class='ocrx_word' id='word_1_201' title='bbox 960 3057 1051 3113; x_wconf 90' lang='lat' dir='ltr'><strong>quam</strong></span> <span class='ocrx_word' id='word_1_202' title='bbox 1066 3039 1271 3098; x_wconf 87' lang='lat' dir='ltr'><strong>necessarium</strong></span> <span class='ocrx_word' id='word_1_203' title='bbox 1287 3040 1316 3098; x_wconf 90' lang='lat' dir='ltr'><strong>ei</strong></span> <span class='ocrx_word' id='word_1_204' title='bbox 1343 3055 1411 3100; x_wconf 88' lang='lat' dir='ltr'><strong>erat</strong></span> 
     </span>
     <span class='ocr_line' id='line_1_27' title="bbox 368 3138 1410 3214; baseline 0.002 -19"><span class='ocrx_word' id='word_1_205' title='bbox 368 3155 422 3213; x_wconf 92' lang='lat' dir='ltr'><strong>pre</strong></span> <span class='ocrx_word' id='word_1_206' title='bbox 436 3139 553 3198; x_wconf 87' lang='lat' dir='ltr'><strong>cunctis</strong></span> <span class='ocrx_word' id='word_1_207' title='bbox 578 3139 758 3198; x_wconf 89' lang='lat' dir='ltr'><strong>mortalibus</strong></span> <span class='ocrx_word' id='word_1_208' title='bbox 783 3138 856 3196; x_wconf 92' lang='lat' dir='ltr'><strong>dicti</strong></span> <span class='ocrx_word' id='word_1_209' title='bbox 872 3138 949 3214; x_wconf 87' lang='lat' dir='ltr'><strong>regis</strong></span> <span class='ocrx_word' id='word_1_210' title='bbox 964 3157 1100 3197; x_wconf 87' lang='lat' dir='ltr'><strong>amorem</strong></span> <span class='ocrx_word' id='word_1_211' title='bbox 1114 3152 1144 3198; x_wconf 91' lang='lat' dir='ltr'><strong>et</strong></span> <span class='ocrx_word' id='word_1_212' title='bbox 1167 3138 1410 3198; x_wconf 84' lang='lat' dir='ltr'><strong>benivolentiam</strong></span> 
     </span>
     <span class='ocr_line' id='line_1_28' title="bbox 369 3235 1411 3311; baseline 0 -17"><span class='ocrx_word' id='word_1_213' title='bbox 369 3237 517 3311; x_wconf 90' lang='lat' dir='ltr'><strong>optinere,</strong></span> <span class='ocrx_word' id='word_1_214' title='bbox 546 3236 583 3293; x_wconf 92' lang='lat' dir='ltr'><strong>de</strong></span> <span class='ocrx_word' id='word_1_215' title='bbox 612 3235 766 3293; x_wconf 90' lang='lat' dir='ltr'><strong>communi</strong></span> <span class='ocrx_word' id='word_1_216' title='bbox 795 3254 920 3293; x_wconf 89' lang='lat' dir='ltr'><strong>suorum</strong></span> <span class='ocrx_word' id='word_1_217' title='bbox 950 3237 1080 3294; x_wconf 88' lang='lat' dir='ltr'><strong>consilio</strong></span> <span class='ocrx_word' id='word_1_218' title='bbox 1108 3235 1248 3311; x_wconf 89' lang='lat' dir='ltr'><strong>petitioni</strong></span> <span class='ocrx_word' id='word_1_219' title='bbox 1278 3235 1411 3295; x_wconf 84' lang='lat' dir='ltr'><strong>fratrum</strong></span> 
     </span>
     <span class='ocr_line' id='line_1_29' title="bbox 367 3331 1409 3409; baseline 0.003 -19"><span class='ocrx_word' id='word_1_220' title='bbox 367 3332 502 3409; x_wconf 86' lang='lat' dir='ltr'><strong>plenarie</strong></span> <span class='ocrx_word' id='word_1_221' title='bbox 520 3331 674 3405; x_wconf 87' lang='lat' dir='ltr'><strong>satisfecit,</strong></span> <span class='ocrx_word' id='word_1_222' title='bbox 691 3331 889 3407; x_wconf 89' lang='lat' dir='ltr'><strong>omniumque</strong></span> <span class='ocrx_word' id='word_1_223' title='bbox 902 3333 1107 3407; x_wconf 89' lang='lat' dir='ltr'><strong>predictarum</strong></span> <span class='ocrx_word' id='word_1_224' title='bbox 1123 3333 1324 3408; x_wconf 89' lang='lat' dir='ltr'><strong>reliquiarum</strong></span> <span class='ocrx_word' id='word_1_225' title='bbox 1344 3335 1409 3395; x_wconf 91' lang='lat' dir='ltr'><strong>Do·</strong></span> 
     </span>
     <span class='ocr_line' id='line_1_30' title="bbox 367 3429 1409 3504; baseline -0.004 -15"><span class='ocrx_word' id='word_1_226' title='bbox 367 3431 441 3489; x_wconf 91' lang='lat' dir='ltr'><strong>mini</strong></span> <span class='ocrx_word' id='word_1_227' title='bbox 453 3429 698 3488; x_wconf 89' lang='lat' dir='ltr'><strong>redimendarum</strong></span> <span class='ocrx_word' id='word_1_228' title='bbox 712 3444 814 3487; x_wconf 86' lang='lat' dir='ltr'><strong>tamen</strong></span> <span class='ocrx_word' id='word_1_229' title='bbox 828 3448 883 3504; x_wconf 91' lang='lat' dir='ltr'><strong>per</strong></span> <span class='ocrx_word' id='word_1_230' title='bbox 896 3429 980 3504; x_wconf 89' lang='lat' dir='ltr'><strong>ipsos</strong></span> <span class='ocrx_word' id='word_1_231' title='bbox 997 3447 1014 3486; x_wconf 90' lang='lat' dir='ltr'><strong>a</strong></span> <span class='ocrx_word' id='word_1_232' title='bbox 1029 3429 1242 3500; x_wconf 88' lang='lat' dir='ltr'><strong>creditoribus,</strong></span> <span class='ocrx_word' id='word_1_233' title='bbox 1258 3429 1335 3504; x_wconf 88' lang='lat' dir='ltr'><strong>ipsis</strong></span> <span class='ocrx_word' id='word_1_234' title='bbox 1348 3447 1409 3504; x_wconf 90' lang='lat' dir='ltr'><strong>pro</strong></span> 
     </span>
     <span class='ocr_line' id='line_1_31' title="bbox 367 3525 1408 3604; baseline -0.003 -17"><span class='ocrx_word' id='word_1_235' title='bbox 367 3546 436 3604; x_wconf 89' lang='lat' dir='ltr'><strong>rege</strong></span> <span class='ocrx_word' id='word_1_236' title='bbox 449 3527 608 3586; x_wconf 88' lang='lat' dir='ltr'><strong>conferens</strong></span> <span class='ocrx_word' id='word_1_237' title='bbox 621 3526 870 3602; x_wconf 88' lang='lat' dir='ltr'><strong>[proprietatem],</strong></span> <span class='ocrx_word' id='word_1_238' title='bbox 886 3544 936 3584; x_wconf 89' lang='lat' dir='ltr'><strong>eas</strong></span> <span class='ocrx_word' id='word_1_239' title='bbox 946 3541 1093 3602; x_wconf 89' lang='lat' dir='ltr'><strong>perpetuo</strong></span> <span class='ocrx_word' id='word_1_240' title='bbox 1106 3526 1309 3602; x_wconf 89' lang='lat' dir='ltr'><strong>possidendas</strong></span> <span class='ocrx_word' id='word_1_241' title='bbox 1322 3525 1408 3584; x_wconf 88' lang='lat' dir='ltr'><strong>dicto</strong></span> 
     </span>
     <span class='ocr_line' id='line_1_32' title="bbox 367 3624 1408 3702; baseline -0.001 -17"><span class='ocrx_word' id='word_1_242' title='bbox 367 3627 430 3702; x_wconf 90' lang='lat' dir='ltr'><strong>regi</strong></span> <span class='ocrx_word' id='word_1_243' title='bbox 444 3626 595 3684; x_wconf 89' lang='lat' dir='ltr'><strong>concessit</strong></span> <span class='ocrx_word' id='word_1_244' title='bbox 609 3625 629 3682; x_wconf 85' lang='lat'><strong>¹.</strong></span> <span class='ocrx_word' id='word_1_245' title='bbox 644 3626 692 3683; x_wconf 86' lang='lat' dir='ltr'><strong>Ad</strong></span> <span class='ocrx_word' id='word_1_246' title='bbox 715 3626 771 3683; x_wconf 92' lang='lat' dir='ltr'><strong>hec</strong></span> <span class='ocrx_word' id='word_1_247' title='bbox 785 3625 892 3683; x_wconf 91' lang='lat' dir='ltr'><strong>fratres</strong></span> <span class='ocrx_word' id='word_1_248' title='bbox 908 3626 1102 3700; x_wconf 89' lang='lat' dir='ltr'><strong>imperatorie</strong></span> <span class='ocrx_word' id='word_1_249' title='bbox 1121 3625 1271 3700; x_wconf 89' lang='lat' dir='ltr'><strong>majestati</strong></span> <span class='ocrx_word' id='word_1_250' title='bbox 1290 3624 1408 3701; x_wconf 84' lang='lat' dir='ltr'><strong>gratias</strong></span> 
     </span>
     <span class='ocr_line' id='line_1_33' title="bbox 366 3721 1408 3800; baseline 0 -17"><span class='ocrx_word' id='word_1_251' title='bbox 366 3723 553 3799; x_wconf 89' lang='lat' dir='ltr'><strong>exhibentes,</strong></span> <span class='ocrx_word' id='word_1_252' title='bbox 562 3741 632 3782; x_wconf 91' lang='lat' dir='ltr'><strong>cum</strong></span> <span class='ocrx_word' id='word_1_253' title='bbox 644 3723 828 3783; x_wconf 90' lang='lat' dir='ltr'><strong>exultatione</strong></span> <span class='ocrx_word' id='word_1_254' title='bbox 845 3723 969 3800; x_wconf 87' lang='lat' dir='ltr'><strong>spiritus</strong></span> <span class='ocrx_word' id='word_1_255' title='bbox 978 3723 1133 3783; x_wconf 89' lang='lat' dir='ltr'><strong>humiliter</strong></span> <span class='ocrx_word' id='word_1_256' title='bbox 1147 3721 1285 3782; x_wconf 87' lang='lat' dir='ltr'><strong>inclinati</strong></span> <span class='ocrx_word' id='word_1_257' title='bbox 1300 3735 1408 3783; x_wconf 87' lang='lat' dir='ltr'><strong>aucto·</strong></span> 
     </span>
    </p>
   </div>
   <div class='ocr_carea' id='block_1_4' title="bbox 362 3964 1407 4389">
    <p class='ocr_par' dir='ltr' id='par_1_5' title="bbox 399 3964 1407 4034">
     <span class='ocr_line' id='line_1_34' title="bbox 399 3964 1407 4034; baseline 0.004 -18"><span class='ocrx_word' id='word_1_258' title='bbox 399 3979 422 4016; x_wconf 90' lang='lat' dir='ltr'><strong>t.</strong></span> <span class='ocrx_word' id='word_1_259' title='bbox 435 3964 495 4017; x_wconf 87' lang='lat' dir='ltr'><strong>Fol.</strong></span> <span class='ocrx_word' id='word_1_260' title='bbox 512 3979 562 4032; x_wconf 84' lang='lat'><strong>¹74</strong></span> <span class='ocrx_word' id='word_1_261' title='bbox 573 3973 610 4030; x_wconf 66' lang='lat' dir='ltr'><strong>rt,</strong></span> <span class='ocrx_word' id='word_1_262' title='bbox 620 3966 673 4017; x_wconf 89' lang='lat' dir='ltr'><strong>col.</strong></span> <span class='ocrx_word' id='word_1_263' title='bbox 689 3964 717 4015; x_wconf 93' lang='lat' dir='ltr'><strong>b.</strong></span> <span class='ocrx_word' id='word_1_264' title='bbox 922 3966 1150 4018; x_wconf 89' lang='lat' dir='ltr'><strong>redimendarum</strong></span> <span class='ocrx_word' id='word_1_265' title='bbox 1162 3974 1256 4018; x_wconf 90' lang='lat' dir='ltr'><strong>tamen</strong></span> <span class='ocrx_word' id='word_1_266' title='bbox 1266 3979 1318 4032; x_wconf 87' lang='lat' dir='ltr'><strong>per</strong></span> <span class='ocrx_word' id='word_1_267' title='bbox 1326 3966 1407 4034; x_wconf 89' lang='lat' dir='ltr'><strong>ipsos</strong></span> 
     </span>
    </p>

    <p class='ocr_par' dir='ltr' id='par_1_6' title="bbox 362 4052 1406 4389">
     <span class='ocr_line' id='line_1_35' title="bbox 395 4052 1405 4122; baseline 0.002 -17"><span class='ocrx_word' id='word_1_268' title='bbox 395 4068 421 4105; x_wconf 90' lang='lat' dir='ltr'><strong>a.</strong></span> <span class='ocrx_word' id='word_1_269' title='bbox 436 4054 474 4106; x_wconf 88' lang='lat' dir='ltr'><strong>Le</strong></span> <span class='ocrx_word' id='word_1_270' title='bbox 494 4055 648 4106; x_wconf 89' lang='lat' dir='ltr'><strong>manuscrit</strong></span> <span class='ocrx_word' id='word_1_271' title='bbox 666 4054 700 4104; x_wconf 91' lang='lat' dir='ltr'><strong>de</strong></span> <span class='ocrx_word' id='word_1_272' title='bbox 723 4052 841 4106; x_wconf 87' lang='lat' dir='ltr'><strong>Charle·</strong></span> <span class='ocrx_word' id='word_1_273' title='bbox 921 4069 938 4105; x_wconf 85' lang='lat' dir='ltr'><strong>a</strong></span> <span class='ocrx_word' id='word_1_274' title='bbox 956 4054 1140 4107; x_wconf 89' lang='lat' dir='ltr'><strong>creditoribus</strong></span> <span class='ocrx_word' id='word_1_275' title='bbox 1164 4054 1232 4120; x_wconf 87' lang='lat' dir='ltr'><strong>ipsis</strong></span> <span class='ocrx_word' id='word_1_276' title='bbox 1255 4069 1306 4121; x_wconf 91' lang='lat' dir='ltr'><strong>pro</strong></span> <span class='ocrx_word' id='word_1_277' title='bbox 1328 4070 1405 4122; x_wconf 83' lang='lat' dir='ltr'><strong>rege,</strong></span> 
     </span>
     <span class='ocr_line' id='line_1_36' title="bbox 362 4140 1406 4211; baseline 0.002 -17"><span class='ocrx_word' id='word_1_278' title='bbox 362 4142 428 4195; x_wconf 79' lang='lat' dir='ltr'><strong>ville</strong></span> <span class='ocrx_word' id='word_1_279' title='bbox 441 4153 548 4211; x_wconf 89' lang='lat' dir='ltr'><strong>permet</strong></span> <span class='ocrx_word' id='word_1_280' title='bbox 562 4143 596 4194; x_wconf 91' lang='lat' dir='ltr'><strong>de</strong></span> <span class='ocrx_word' id='word_1_281' title='bbox 609 4140 722 4194; x_wconf 70' lang='lat' dir='ltr'><strong>retablir</strong></span> <span class='ocrx_word' id='word_1_282' title='bbox 733 4143 805 4194; x_wconf 88' lang='lat' dir='ltr'><strong>ainsi</strong></span> <span class='ocrx_word' id='word_1_283' title='bbox 816 4144 842 4194; x_wconf 91' lang='lat' dir='ltr'><strong>la</strong></span> <span class='ocrx_word' id='word_1_284' title='bbox 919 4143 1127 4204; x_wconf 87' lang='lat' dir='ltr'><strong>conferens‚eas</strong></span> <span class='ocrx_word' id='word_1_285' title='bbox 1138 4158 1187 4209; x_wconf 88' lang='lat' dir='ltr'><strong>per</strong></span> <span class='ocrx_word' id='word_1_286' title='bbox 1196 4153 1331 4211; x_wconf 89' lang='lat' dir='ltr'><strong>perpetuo</strong></span> <span class='ocrx_word' id='word_1_287' title='bbox 1341 4159 1406 4211; x_wconf 89' lang='lat' dir='ltr'><strong>pos·</strong></span> 
     </span>
     <span class='ocr_line' id='line_1_37' title="bbox 363 4232 1403 4300; baseline -0.004 -16"><span class='ocrx_word' id='word_1_288' title='bbox 363 4232 484 4298; x_wconf 87' lang='lat' dir='ltr'><strong>phrase:</strong></span> <span class='ocrx_word' id='word_1_289' title='bbox 500 4252 512 4279; x_wconf 73' lang='grc' dir='ltr'><strong><em>α</em></strong></span> <span class='ocrx_word' id='word_1_290' title='bbox 529 4232 721 4298; x_wconf 88' lang='lat' dir='ltr'><strong>Omniumque</strong></span> <span class='ocrx_word' id='word_1_291' title='bbox 736 4233 842 4298; x_wconf 92' lang='lat' dir='ltr'><strong>predic·</strong></span> <span class='ocrx_word' id='word_1_292' title='bbox 920 4232 1046 4298; x_wconf 88' lang='lat' dir='ltr'><strong>sidenda,</strong></span> <span class='ocrx_word' id='word_1_293' title='bbox 1059 4233 1133 4286; x_wconf 88' lang='lat' dir='ltr'><strong>dicto</strong></span> <span class='ocrx_word' id='word_1_294' title='bbox 1144 4233 1203 4300; x_wconf 88' lang='lat' dir='ltr'><strong>regi</strong></span> <span class='ocrx_word' id='word_1_295' title='bbox 1222 4234 1369 4286; x_wconf 87' lang='lat' dir='ltr'><strong>concessit.</strong></span> <span class='ocrx_word' id='word_1_296' title='bbox 1389 4252 1403 4280; x_wconf 72' lang='grc' dir='ltr'><strong>ι</strong></span> 
     </span>
     <span class='ocr_line' id='line_1_38' title="bbox 363 4320 840 4389; baseline 0.002 -18"><span class='ocrx_word' id='word_1_297' title='bbox 363 4330 455 4374; x_wconf 89' lang='lat' dir='ltr'><strong>tarum</strong></span> <span class='ocrx_word' id='word_1_298' title='bbox 473 4321 657 4389; x_wconf 90' lang='lat' dir='ltr'><strong>reliquiarum</strong></span> <span class='ocrx_word' id='word_1_299' title='bbox 674 4320 840 4385; x_wconf 86' lang='lat' dir='ltr'><strong>dominium,</strong></span> 
     </span>
    </p>
   </div>
   <div class='ocr_carea' id='block_1_5' title="bbox 0 0 1466 5364">
    <p class='ocr_par' dir='ltr' id='par_1_7' title="bbox 0 0 1466 5364">
     <span class='ocr_line' id='line_1_39' title="bbox 0 0 1466 5364; baseline 0 2"><span class='ocrx_word' id='word_1_300' title='bbox 0 0 1466 5364; x_wconf 95' lang='lat' dir='ltr'><strong> </strong></span> 
     </span>
    </p>
   </div>
  </div>
 </body>
</html>
