3130 5514
420 611 466 662 aa
490 609 614 660 suurn
635 610 749 660 aanor
1038 595 1101 666 123

70 865 123 906 aea
139 849 250 908 referre
273 867 328 908 me
347 847 594 926 proclamaretis.
614 849 721 924 Itaque
739 864 776 908 ea
797 847 865 908 vice
880 850 1026 910 conticui.
1042 851 1103 910 De·

71 945 194 1006 alluente
205 947 316 1024 itaque
331 959 477 1023 tempore
489 964 583 1022 quum
594 946 676 1023 apud
689 947 816 1007 Portum
826 949 923 1008 sancti
938 949 1102 1024 Simeonis,

69 1046 208 1104 «sabbato
225 1047 259 1104 in
283 1045 409 1104 Palmis
421 1046 442 1118 ¹,
457 1062 556 1104 essem
578 1057 669 1120 atque
691 1061 762 1104 cum
781 1045 908 1104 domino
934 1065 1003 1107 meo
1024 1048 1102 1107 Wil-

71 1141 174 1201 slelmo
187 1143 285 1216 Petri,
300 1143 389 1202 infra
411 1142 589 1215 tentorium,
601 1161 663 1201 una
686 1144 876 1216 recubarem,
896 1144 982 1205 affuit
996 1147 1102 1206 beatus

70 1240 216 1300 «Andreas
234 1260 311 1300 cum
328 1241 431 1312 socio,
445 1254 476 1300 et
495 1241 602 1300 habitu
623 1241 743 1314 eodem,
770 1259 832 1316 quo
856 1242 942 1318 prius
967 1256 1101 1316 venerat,

71 1350 173 1415 ratque
193 1339 271 1398 mihi
297 1339 349 1398 sic
374 1339 495 1398 locutus
513 1351 587 1398 est:
612 1361 626 1394 e
651 1341 714 1398 Cur
736 1357 800 1398 non
823 1340 927 1400 dixisti
946 1343 1051 1402 comiti
1072 1355 1103 1403 et

70 1438 239 1514 «episcopo,
255 1453 289 1501 et
305 1441 380 1500 aliis
396 1459 465 1516 quae
479 1458 535 1518 ego
549 1457 755 1516 praeceperam
770 1439 868 1499 tibila
883 1444 922 1501 Et
934 1443 1077 1517 respondi
1092 1460 1100 1501 :

71 1535 212 1596 nilomine
231 1556 345 1597 nonne
363 1557 420 1614 ego
443 1549 584 1614 precatus
604 1555 672 1596 sum
685 1549 715 1597 te
728 1551 763 1598 ut
777 1539 870 1597 alium
890 1558 947 1615 pro
966 1558 1014 1598 me
1032 1541 1102 1601 mit·

70 1645 173 1706 «teres,
188 1637 241 1712 qui
257 1651 291 1697 et
306 1637 481 1713 sapientior
494 1648 585 1709 esset,
601 1649 631 1696 et
648 1655 740 1713 quem
758 1637 863 1696 audire
881 1639 1003 1696 vellent.
1018 1639 1101 1698 Prae·

72 1743 166 1792 «terea
174 1736 271 1795 anci
287 1737 411 1795 suntin
425 1735 544 1808 itincre,
559 1735 612 1812 qui
626 1734 783 1794 venientes
798 1747 828 1793 et
846 1736 993 1794 abeuntes
1010 1735 1102 1796 inter-

72 1828 199 1891 «ficiunt.
215 1856 229 1889 ι
245 1836 287 1894 Et
303 1835 352 1894 ait
371 1847 494 1894 sanctus
507 1835 645 1892 Andreas
661 1851 669 1892 ε
689 1855 703 1888 a
719 1833 791 1890 Noli
805 1833 923 1908 timere,
940 1833 1012 1910 quia
1026 1833 1102 1892 nihil

72 1927 142 1986 rtibi
155 1933 316 1992 nocebunt
333 1952 343 1993 t
359 1933 425 1992 haec
440 1951 562 2009 quoque
581 1933 665 1992 dices
681 1933 796 2006 comiti,
812 1951 906 2008 quum
924 1931 1041 1992 venerit
1064 1933 1102 1992 ad

72 2025 247 2086 «Jordanem
272 2029 418 2102 fluvium,
434 2048 497 2088 non
512 2030 701 2106 intinguatur
723 2029 777 2100 ibi,
798 2030 852 2088 sed
870 2029 992 2107 navigio
1016 2042 1100 2090 tran·

76 2135 152 2180 «sem
164 2139 171 2178 :
185 2141 283 2198 quum
299 2139 406 2185 autem
420 2125 584 2199 transierit,
600 2125 726 2184 camisia
740 2138 770 2184 et
787 2126 888 2202 bregis
905 2127 994 2187 lineis
1009 2129 1100 2187 indu-

74 2229 146 2292 ctos,
158 2221 195 2279 de
209 2222 345 2282 flumine
359 2233 545 2298 aspergatur.
558 2223 597 2280 Et
608 2235 772 2297 postquam
782 2222 895 2282 siccata
909 2223 1021 2284 luerint
1035 2227 1101 2302 ejus

76 2318 277 2394 «reomense,
293 2334 426 2398 reponat
439 2338 486 2392 ea,
497 2333 527 2379 et
547 2333 705 2379 conservet
719 2339 789 2379 cum
805 2323 925 2384 Lancea
940 2321 1098 2381 Domini.»

76 2414 131 2472 elit
151 2416 216 2476 haec
239 2419 391 2477 dominus
413 2435 500 2476 meus
514 2417 687 2476 Willelmus
703 2417 785 2475 Petri
809 2418 935 2492 audivit,
952 2418 1024 2478 licet
1037 2437 1100 2479 nou

77 2511 203 2574 «rideret
216 2517 406 2592 apostolum.
423 2515 617 2574 Coniortatus
641 2515 733 2591 igitur
753 2515 791 2574 ad
814 2515 980 2575 exercinrm
1001 2533 1100 2576 rever-

76 2623 143 2666 tsua
156 2627 231 2671 sum.
248 2615 419 2690 Quumque
433 2615 520 2674 vobis
532 2615 598 2674 haec
611 2615 725 2690 pariter
739 2615 839 2674 dicere
852 2615 972 2688 vellem,
987 2617 1100 2674 coadu-

77 2721 163 2766 rnare
175 2725 230 2768 vos
255 2729 325 2770 non
341 2710 441 2786 potui.
463 2711 568 2786 ltaque
592 2710 747 2786 proiectus
770 2729 838 2769 sum
858 2711 897 2769 ad
917 2723 1039 2786 portum
1062 2711 1100 2769 de

77 2801 256 2866 sliamistra.
270 2808 322 2867 lbi
333 2825 417 2880 vero,
430 2825 525 2884 quum
539 2807 680 2883 navigare
692 2809 724 2868 in
736 2807 881 2884 Cyprium
891 2807 1034 2879 insulam,
1043 2824 1100 2884 pro

76 2901 268 2967 «ncnaubus
289 2908 414 2982 vellem,
437 2908 641 2966 comminatus
661 2919 707 2967 est
730 2906 805 2965 mihi
827 2905 957 2964 multum
978 2918 1100 2964 sanctus

77 2999 235 3078 canorem,
258 3006 323 3065 nisi
337 3005 399 3064 cito
424 3019 606 3066 reverterent
628 3018 658 3064 et
682 3005 771 3064 vobis
794 3005 930 3079 injuncta
944 3003 1097 3062 referrem.

79 3097 253 3178 «Quumque
274 3104 444 3180 cogitarem
463 3121 593 3176 mecum,
610 3103 767 3178 quomodo
782 3115 962 3161 reverterem
975 3101 1014 3160 ad
1032 3119 1099 3160 cas·

80 3197 264 3270 noroberet
275 3201 360 3262 enim
373 3215 481 3278 portus
491 3202 542 3260 ille
557 3203 596 3260 ab
610 3201 744 3260 exercitu
759 3200 846 3276 quasi
865 3217 920 3276 per
934 3213 997 3258 tres
1011 3199 1099 3273 dies),

82 3297 279 3360 ‘masline
294 3301 370 3360 flere
388 3299 478 3375 coepi,
496 3317 591 3376 quum
608 3299 756 3358 redeundi
773 3297 949 3356 facultatem
967 3297 1099 3373 reperire

81 3407 157 3450 «uon
169 3411 304 3469 possem.
318 3398 457 3456 Tandem
469 3415 487 3455 a
501 3397 593 3457 sociis
607 3409 638 3456 et
657 3396 783 3455 domino
797 3413 865 3454 meo
880 3395 1097 3466 communitus,

84 3489 246 3566 tttaviginm
274 3496 432 3572 ingressos
463 3494 495 3554 in
529 3495 665 3572 Cyprum
692 3494 840 3570 remigare
872 3493 1032 3570 coepimus.
1060 3492 1099 3550 Et

82 3603 186 3661 *quum
198 3609 253 3667 per
276 3606 377 3653 totam
395 3591 476 3652 diem
495 3593 586 3652 remis
600 3605 630 3652 et
644 3592 800 3668 prosperis
817 3591 916 3650 ventis
930 3608 1097 3667 ageremur,

84 3700 189 3761 susque
202 3691 241 3750 ed
263 3690 342 3751 solis
359 3707 513 3764 occasum,
528 3701 596 3749 orta
615 3689 717 3749 subito
737 3700 928 3765 tempestate,
944 3688 975 3746 in
999 3687 1098 3764 spatio

84 3784 184 3844 nunus
196 3787 283 3848 horae
296 3787 344 3848 vel
358 3789 486 3848 duarum
501 3790 540 3847 ad
558 3788 699 3847 relictum
712 3799 836 3864 portum
854 3786 967 3846 reversi
982 3804 1096 3846 sumus.

85 3896 96 3928 ι
108 3879 150 3940 Sic
158 3902 211 3960 que
225 3889 364 3948 secundo
379 3888 508 3948 ettertio
522 3907 540 3948 a
554 3888 685 3948 nansitu
696 3887 854 3964 prohibiti,
870 3887 902 3946 in
914 3886 1045 3946 insulam
1059 3887 1099 3944 ed

86 3997 96 4026 ¹
109 3978 219 4045 Portum
233 3989 333 4050 sancti
347 3988 499 4048 Simeonis
514 3987 627 4048 reversi
642 4005 757 4046 sumus.
778 3986 824 4044 Ibi
841 3986 1019 4063 languorem
1033 4002 1098 4061 gra·

88 4077 249 4147 trissimum
273 4087 403 4148 incurri.
426 4087 523 4164 Capta
546 4098 649 4146 autem
671 4085 802 4160 civitate,
826 4085 865 4144 ad
885 4103 940 4144 vos
958 4083 1037 4144 veni.
1059 4084 1098 4141 Et

88 4193 188 4256 *uuna
209 4187 234 4246 si
257 4187 348 4248 vobis
375 4187 475 4265 placet
495 4185 674 4264 experimini
703 4201 772 4261 quae
792 4183 901 4244 dico.»
927 4182 1097 4259 Episcopus

115 4389 350 4462 ¹·aomm109a.
