3130 5514
591 607 656 682 106
771 625 881 680 voras
903 625 947 678 ar
970 609 1099 677 munus
1121 609 1425 687 momotooronas

585 877 677 946 prout
690 863 914 944 magnificentie
938 863 1020 940 regie
1042 862 1168 940 dignum
1190 873 1266 936 erat,
1286 861 1419 939 amplius

586 965 749 1038 bonorare,
764 963 923 1024 conferens
937 962 966 1022 ei
979 961 1216 1022 sacratissimum
1232 960 1332 1020 crucis
1350 961 1422 1019 dom

586 1063 662 1138 lum,
676 1063 702 1124 si
717 1063 793 1122 illud
805 1061 953 1121 redimere
966 1059 1057 1120 vellet
1070 1060 1109 1119 de
1123 1059 1270 1118 immensa
1291 1058 1424 1136 pecunie

585 1179 643 1240 pro
665 1179 736 1239 qua,
750 1160 929 1237 urgentibus
947 1157 1021 1218 dicti
1040 1157 1159 1246 imperii
1173 1159 1182 1186 ¹
1197 1157 1427 1218 necessitatibus

586 1259 714 1336 gistrum
735 1269 766 1318 ct
784 1257 892 1316 fratres
911 1255 1020 1316 militie
1042 1255 1162 1332 Templi
1183 1267 1248 1314 erat
1267 1255 1299 1314 in
1323 1255 1413 1331 Syria

588 1357 649 1418 Sed
663 1355 738 1434 quid
749 1356 848 1416 dictus
862 1371 915 1414 rex
929 1355 961 1414 in
975 1353 1202 1430 comparatione
1214 1353 1292 1414 tanti
1306 1355 1428 1413 muneri

587 1473 719 1532 cumque
732 1455 894 1532 pecuniam
908 1451 1084 1514 estimaret?
1095 1453 1217 1512 Sciebat
1230 1451 1312 1510 enim
1327 1453 1424 1528 quod,

588 1553 735 1630 scriptum
749 1565 806 1627 est,
820 1570 908 1616 omne
922 1573 1030 1614 aurum
1047 1553 1079 1613 in
1091 1553 1319 1629 comparatione
1334 1553 1418 1611 illius

587 1651 697 1728 exigua
715 1665 745 1712 et
758 1665 914 1728 tamquam
934 1653 1033 1712 lutum
1049 1651 1241 1712 estimabitur
1259 1665 1421 1727 argentum

587 1767 650 1809 non
664 1749 850 1828 comparavit
862 1750 907 1808 illi
921 1749 1053 1826 lapidem
1065 1749 1247 1826 preciosum,
1262 1761 1293 1808 et
1306 1747 1429 1808 divitias

586 1847 663 1907 dixit
685 1847 717 1908 in
740 1849 967 1926 comparatione
987 1849 1080 1922 illius,
1097 1849 1151 1908 sed
1170 1847 1308 1906 oblatum
1332 1846 1392 1905 sibi
1417 1865 1430 1904 r

587 1943 689 2004 cordis
712 1945 866 2006 alacritate
889 1959 920 2006 et
938 1947 1107 2024 graciarum
1130 1945 1251 2048 actione
1272 1945 1429 2020 suscipien

585 2043 813 2118 procurandum
831 2043 907 2104 illud
921 2045 1017 2104 eterni
1036 2043 1115 2122 regis
1133 2042 1306 2102 venerabile
1321 2041 1431 2118 signun

586 2141 712 2201 humani
739 2143 858 2220 generis
886 2155 1042 2220 reparator
1066 2141 1235 2219 gloriosum
1263 2139 1399 2216 optinuit
1427 2161 1431 2192 r

585 2239 784 2324 triumphurn,
808 2253 907 2302 estuat
930 2241 969 2301 ad
987 2241 1207 2318 acquirendum
1221 2237 1432 2314 inexpugnabiss

586 2337 736 2414 clypeum,
747 2355 802 2414 per
811 2339 949 2414 quemde
960 2357 1053 2416 regno
1064 2337 1191 2398 ecclesie
1201 2337 1360 2396 militantis
1369 2337 1432 2394 hun

587 2435 704 2510 expulit
718 2435 886 2495 inimicum.
903 2437 942 2496 Et
956 2455 1018 2496 non
1032 2437 1128 2497 multo
1141 2447 1222 2512 post,
1234 2453 1303 2494 cum
1316 2435 1377 2510 jam
1394 2453 1431 2510 pr

589 2531 712 2608 duinus,
730 2533 878 2610 expeditis
892 2535 924 2594 in
939 2535 1068 2594 Francia
1085 2533 1219 2611 negociis
1237 2549 1294 2608 pro
1308 2532 1422 2609 quibus

587 2629 742 2690 licentiato
757 2649 837 2708 rege,
858 2633 898 2692 ad
915 2633 1290 2709 Constantinopolitanum
1311 2631 1433 2706 imperit

587 2741 643 2802 set,
657 2729 770 2788 accidit
780 2743 815 2788 ut
828 2729 927 2790 dictus
939 2749 991 2791 rex
1003 2733 1080 2791 duos
1100 2731 1208 2790 fratres
1223 2731 1370 2801 Minores,
1386 2747 1434 2804 qur

585 2828 722 2904 ydoneos
744 2839 774 2888 et
796 2827 903 2888 lideles
926 2829 1089 2902 estimavit,
1103 2847 1174 2888 curn
1186 2825 1406 2904 procuratoriis
1424 2843 1434 2882 r

587 2927 683 3004 ipsius
698 2927 819 3003 litteris,
832 2929 871 2988 ad
886 2929 1014 2988 eundem
1028 2927 1211 2987 Balduinum
1225 2927 1285 3002 jam
1300 2927 1434 3002 imperat

586 3037 702 3098 natum,
730 3024 1029 3101 Constantinopolim
1051 3024 1226 3098 destinaret,
1250 3023 1314 3099 qui,
1334 3037 1434 3098 accept

585 3139 642 3200 pro
658 3121 736 3182 sacri
750 3123 825 3200 ligni
840 3123 1045 3200 assignatione
1058 3124 1196 3184 iacienda
1215 3125 1254 3184 ad
1267 3123 1434 3200 magistrun

585 3220 706 3298 Templi
720 3221 931 3297 imperialibus
950 3223 1070 3296 litteris,
1083 3223 1155 3282 inde
1169 3223 1208 3282 ad
1221 3235 1322 3299 partes
1339 3221 1427 3298 Syrie

586 3329 664 3391 rent,
679 3329 711 3377 et
729 3330 834 3376 amoto
849 3335 886 3378 ex
900 3331 986 3396 parte
1000 3319 1079 3396 regis
1098 3320 1294 3397 obligationis
1310 3321 1434 3379 obstacu

586 3427 722 3474 sanctam
735 3414 767 3473 in
778 3415 938 3475 Franciam
951 3417 1158 3494 deportarent.

620 3513 648 3572 0
662 3513 738 3572 mira
757 3513 838 3572 circa
853 3532 910 3574 nos
924 3513 1026 3574 divine
1045 3515 1166 3592 pietatis
1179 3515 1343 3588 miseratio,
1358 3515 1434 3590 cuju:

584 3611 679 3670 tionis
693 3613 901 3672 moderamine
916 3613 948 3672 id
960 3613 1067 3690 agitur,
1077 3626 1111 3673 ut
1124 3614 1249 3674 humani
1263 3615 1434 3690 plerumque

584 3709 706 3768 consilii
720 3711 947 3786 permitteretur
964 3711 985 3784 ⁸,
1001 3711 1145 3788 quatinus
1164 3729 1201 3771 ex
1219 3712 1376 3788 inopinato
1391 3731 1434 3788 prr

584 3807 688 3883 placiti
703 3807 842 3884 largitate
863 3827 922 3886 que
936 3809 1030 3868 homo
1050 3827 1113 3868 non
1131 3809 1269 3886 providet
1281 3811 1301 3880 ⁸,
1314 3809 1392 3869 sicut
1410 3829 1434 3868 er

585 3907 642 3964 bus
665 3905 823 3966 manifeste
843 3907 996 3968 videbitur
1008 3908 1029 3980 ⁶,
1050 3909 1235 3986 superaddat
1254 3919 1361 3984 etque
1385 3909 1434 3968 ber

618 4206 640 4243 1.
655 4189 715 4244 Fol.
734 4189 832 4258 173v0,
846 4191 901 4244 col.
917 4207 943 4244 a.
1170 4209 1197 4260 4.
1213 4193 1386 4247 Permutetur
1412 4195 1434 4261 [i

615 4295 640 4332 a.
656 4281 722 4348 Sap.
735 4295 782 4344 vn,
797 4295 824 4350 9.
1172 4284 1197 4336 5.
1211 4283 1336 4336 Previdet
1351 4284 1434 4350 [Cbar

615 4367 639 4422 3.
654 4369 724 4422 Cod.
738 4389 750 4417 ι
763 4369 839 4437 quod
852 4389 877 4422 ι.
1170 4371 1197 4428 6.
1210 4373 1270 4427 Fol.
1287 4373 1335 4442 ¹7³
1350 4375 1434 4440 r·,col
