3130 5514
579 631 644 702 156
754 648 864 700 roras
887 647 929 697 ur
953 633 1083 696 arunas
1107 633 1412 708 saeuiorocrouas

1064 967 1110 1025 38.

1043 1134 1130 1180 1000.

602 1255 745 1330 [Sanctus
766 1253 900 1328 Bruttus]
914 1269 1015 1330 regem
1038 1253 1153 1330 ungris
1172 1255 1348 1330 baptizarit,
1361 1257 1413 1332 qui
1434 1273 1450 1314 v

569 1353 666 1426 Gouz,
680 1365 710 1411 et
725 1365 841 1412 mutato
856 1350 979 1410 nomine
992 1351 1024 1410 in
1037 1351 1190 1426 baptismo
1205 1353 1392 1430 Stephanum
1403 1374 1450 1412 vo<

603 1455 703 1524 Quem
721 1451 783 1512 Oto
802 1451 968 1528 imperator
988 1451 1020 1510 in
1041 1449 1134 1510 natali
1160 1451 1385 1525 protomartiris
1411 1453 1450 1510 Str

570 1549 752 1626 baptismate
769 1548 898 1624 excepit,
913 1560 942 1607 et
962 1567 1089 1626 regnum
1110 1547 1139 1606 ei
1153 1547 1308 1606 liberrime
1322 1549 1432 1608 habere

568 1647 645 1708 dans
665 1647 692 1706 ei
719 1647 873 1706 licentiam
897 1647 974 1706 serre
988 1649 1140 1706 Lanceam
1165 1663 1282 1704 sacram
1307 1649 1450 1724 ubique‚r

568 1747 746 1824 Imperatori
771 1765 838 1806 mos
864 1759 919 1820 est,
939 1759 970 1806 et
990 1746 1135 1823 reliquias
1153 1763 1191 1804 ea
1211 1744 1314 1802 Clanis
1328 1757 1358 1804 et
1376 1745 1450 1802 lanc<

569 1843 710 1904 Mauricii
724 1845 752 1904 ei
767 1845 918 1905 concessit
932 1843 964 1904 in
976 1845 1101 1921 propria
1115 1845 1231 1902 lancea.

659 1967 801 2034 [ademari
827 1968 1016 2024 Historiarum
1037 1970 1083 2022 tle.
1112 1969 1164 2030 111,
1196 1983 1241 2036 ap.
1263 1969 1351 2033 Perta,
1378 1967 1450 2036 Ser-ip

628 2073 675 2126 pp.
690 2057 828 2128 raptim]

1052 2279 1101 2354 39.

1000 2443 1042 2492 at·
1061 2433 1164 2494 siecle.

603 2583 682 2642 Cum
696 2581 778 2642 enim
798 2599 905 2642 omnes
920 2583 1077 2660 [Ungariae
1090 2583 1207 2660 populi]
1225 2583 1325 2644 adhuc
1338 2585 1450 2644 infidel

567 2679 730 2742 Heinricus
752 2679 917 2757 imperaror
944 2683 983 2741 ad
1001 2681 1073 2741 fidei
1099 2681 1259 2741 catholicae
1283 2683 1450 2742 confessior

565 2784 705 2846 adtraxit.
723 2785 813 2858 Quod
828 2795 861 2844 ut
876 2781 995 2842 facilius
1014 2780 1111 2856 lieret,
1127 2799 1264 2840 sororem
1284 2799 1371 2840 suam
1389 2783 1450 2840 Gisi

563 2883 666 2962 phano
679 2882 740 2960 regi
751 2901 858 2942 eorum
873 2880 1067 2940 matrimonio
1078 2880 1232 2957 copulavit
1243 2882 1331 2955 [etad
1347 2881 1450 2956 insign

566 2983 717 3042 Lanceam
733 2981 826 3041 Claro
839 2979 999 3040 Dominice
1013 2979 1166 3057 passionis
1180 2979 1358 3058 insignitam
1373 2982 1450 3040 addi

655 3106 808 3174 [Adalbarti
825 3105 887 3160 Vita
898 3105 1017 3160 Hearici
1031 3105 1064 3159 11
1074 3106 1210 3174 imperat..
1229 3121 1274 3173 ap.
1285 3106 1375 3170 Perta,
1397 3105 1450 3158 Scr

627 3211 655 3262 p.
670 3195 743 3262 Sin]

1059 3409 1107 3464 40.

1048 3561 1129 3617 1044.

604 3677 756 3738 Henricus
784 3677 959 3756 imperator,
983 3677 1093 3738 iterum
1122 3679 1312 3756 Hungariam
1336 3681 1450 3758 ingresi

569 3775 674 3852 paucis
699 3777 861 3838 Obbonem
874 3795 975 3856 regem
990 3777 1027 3836 de
1043 3777 1124 3836 bello
1139 3777 1254 3855 fugavit
1267 3793 1297 3839 et
1310 3779 1450 3840 lanceam

571 3873 671 3950 Regis,
688 3875 811 3952 recepit.

631 3997 778 4066 [sigeberti
788 3998 932 4054 Gemblac.
952 3999 1115 4066 chronicon,
1130 4001 1164 4054 sd
1187 4015 1293 4055 annum
1316 4003 1406 4069 1044]

604 4261 625 4297 r.
644 4243 720 4314 [llaec
734 4259 847 4314 quoque
868 4249 948 4302 valde
970 4261 1034 4304 sunt
1056 4251 1228 4305 conturbata.
1244 4253 1338 4320 Galsa,
1357 4269 1407 4306 rex
1423 4255 1450 4308 U

570 4333 660 4388 fillum
684 4333 782 4388 habult
800 4335 1010 4404 Stephanum
1030 4351 1125 4393 sancto
1145 4341 1295 4394 adalberto
1310 4343 1450 4412 baptizati

569 4425 668 4480 eodem
679 4425 793 4480 nomine
802 4425 974 4493 appellatum
987 4427 1084 4496 fuisse,
1095 4444 1178 4483 nemo
1190 4431 1294 4498 tradit]
