3128 5532
451 599 521 667 204
635 597 744 648 riores
767 595 811 646 m
832 581 962 646 munus
984 582 1290 660 stcunouootouns

447 839 524 926 plus
540 837 657 904 ancien
672 839 851 903 document
872 855 984 900 connu
999 857 1056 902 sur
1068 837 1101 903 10
1116 839 1299 906 Couronne
1320 841 1494 926 d'epines.

450 948 506 1014 00
520 946 570 1027 lit,
584 965 625 1010 en
637 944 723 1024 effer,
738 945 821 1010 dens
834 964 881 1009 un
892 945 1074 1010 manuscrit
1087 947 1127 1010 de
1139 947 1172 1012 le
1185 948 1422 1034 Bibliotheque
1437 951 1496 1015 du

451 1053 607 1140 Chapitre
619 1053 660 1118 de
674 1052 859 1135 Clermont,
874 1051 923 1118 dit
937 1053 977 1118 de
988 1053 1038 1117 La
1052 1054 1196 1138 Conone,
1210 1055 1237 1120 1ο
1252 1058 1292 1122 32
1308 1075 1317 1121 r

486 1267 691 1328 «Memoriale
700 1265 898 1343 reliquiarum
910 1283 985 1342 quas
1005 1278 1126 1328 sanctus
1136 1267 1365 1328 Austremonius
1374 1286 1498 1329 secum

450 1367 559 1428 detulit
573 1368 611 1425 ad
625 1366 733 1424 urbem
749 1365 993 1424 Arvernensem:
1010 1365 1042 1423 in
1061 1364 1178 1442 primis,
1200 1367 1238 1424 de
1256 1366 1404 1427 umbilico
1424 1367 1493 1427 lilii

451 1465 517 1537 Dei,
543 1483 613 1525 cum
641 1463 776 1540 quinque
797 1463 951 1540 unguibus
973 1463 1011 1522 de
1030 1463 1153 1522 sinistre
1175 1481 1278 1539 manu,
1301 1465 1495 1542 prepucium

450 1563 547 1641 ipsius
561 1581 631 1623 cum
643 1563 764 1621 duabus
779 1561 933 1637 unguibus
952 1560 991 1619 de
1012 1559 1134 1619 sinistra
1147 1579 1240 1620 manu
1256 1574 1286 1620 er
1307 1563 1346 1621 de
1369 1563 1494 1638 pennis

452 1663 565 1739 quibus
584 1660 642 1720 luit
663 1659 828 1732 involutus,
847 1670 878 1716 et
895 1656 1087 1716 undecimam
1108 1671 1224 1736 partem
1249 1677 1309 1736 qua
1331 1659 1389 1718 fuit
1412 1673 1494 1719 ente

451 1761 557 1820 oculos
571 1761 646 1836 ejus,
659 1777 730 1818 cum
746 1757 892 1833 sanguine
906 1755 1002 1834 ipsius
1016 1755 1099 1815 etde
1117 1755 1221 1815 tunica
1239 1769 1269 1816 et
1289 1757 1327 1815 de
1343 1758 1442 1816 barba
1459 1771 1496 1817 et

452 1861 490 1920 de
505 1859 634 1936 capillis,
648 1869 679 1916 et
690 1857 728 1915 de
738 1855 902 1933 praecineto
917 1855 983 1930 ejus
997 1871 1068 1912 cum
1081 1853 1228 1932 sanguine
1247 1867 1277 1914 et
1289 1868 1350 1914 tres
1364 1874 1494 1932 ungues

453 1959 519 2034 ejus
533 1975 571 2017 ex
584 1955 734 2015 recisione
747 1971 855 2012 manus
869 1953 934 2028 ejus
948 1952 1079 2012 dexterae
1093 1967 1124 2014 et
1135 1966 1253 2030 partem
1264 1953 1376 2030 spiueoe
1394 1971 1492 2012 coro-

453 2073 514 2129 noe,
529 2067 559 2114 et
573 2055 611 2114 de
624 2070 703 2131 pane
718 2069 809 2128 quem
822 2051 887 2126 ipse
898 2051 1063 2126 benedixit,
1076 2065 1106 2111 er
1119 2069 1158 2110 ex
1175 2052 1303 2129 spongia
1321 2053 1387 2127 ejus
1402 2065 1434 2111 et
1449 2053 1493 2110 de

454 2153 594 2230 sepulcro
608 2150 704 2227 ipsius
718 2147 852 2220 Domini,
868 2160 898 2208 et
912 2165 949 2206 ex
968 2149 1060 2225 virgis
1074 2149 1187 2226 quibus
1206 2167 1302 2210 caesus
1316 2149 1384 2224 fuit,
1398 2163 1430 2210 et
1450 2151 1493 2210 de

454 2249 572 2328 capillis
589 2251 686 2308 heatre
700 2245 807 2306 Marito
819 2257 891 2316 tres,
908 2258 938 2304 et
951 2247 1104 2307 brachiale
1117 2249 1193 2324 ejus,
1208 2261 1238 2308 et
1251 2249 1290 2306 de
1303 2248 1492 2308 vestimento

454 2350 551 2428 ipsius
564 2366 634 2407 eum
647 2347 736 2420 laete,
752 2357 783 2403 et
799 2345 838 2404 de
857 2343 952 2420 pallio
964 2347 1047 2421 quod
1068 2347 1134 2422 ipse
1151 2346 1231 2406 fecit.
1249 2347 1313 2406 Has
1327 2364 1400 2406 vero
1415 2348 1491 2406 reli-

455 2447 542 2526 quias
558 2445 729 2523 Stephanus
743 2441 905 2518 episeopus
919 2443 1058 2506 condivit
1070 2445 1103 2504 10
1118 2445 1290 2522 ymaginem
1303 2445 1410 2506 matris
1423 2446 1493 2506 Do·

456 2545 531 2606 mini
543 2557 573 2606 et
584 2545 617 2604 in
630 2544 802 2622 ymaginem
815 2543 872 2603 filii
887 2545 963 2620 ejus.
977 2563 991 2598 r

497 2770 591 2838 Saint
607 2767 853 2846 Auseremoine,
873 2766 1015 2852 premier
1033 2765 1155 2850 ireque
1175 2766 1215 2831 de
1233 2765 1418 2843 Clermont,
1439 2767 1491 2832 lut

457 2879 583 2964 envoye
595 2879 636 2942 de
652 2877 758 2943 Rome
772 2895 858 2960 pour
874 2871 1074 2958 evangeliser
1092 2874 1299 2957 l'Auvergne,
1315 2893 1358 2937 au
1373 2873 1490 2938 milieu

458 2987 504 3050 du
519 3003 568 3050 ιιι·
582 2983 680 3050 siecle
703 2981 815 3047 :mais
835 2981 865 3045 le
888 2979 1067 3045 manuscrit
1086 2981 1127 3043 de
1147 2981 1197 3044 La
1222 2981 1355 3045 Conone
1375 2997 1425 3044 est
1447 2981 1491 3044 de

463 3113 558 3179 ¹²9¹·
575 3089 761 3174 Lorsqu'on
779 3087 927 3152 examine
940 3086 988 3150 les
1002 3085 1144 3169 reliques
1158 3084 1216 3169 qui
1230 3101 1424 3169 composent
1438 3101 1494 3150 cet

458 3215 588 3285 apport,
603 3213 634 3264 et
648 3197 750 3283 qu'on
764 3193 812 3259 les
824 3211 978 3278 compare
998 3193 1017 3256 d
1035 3193 1187 3270 d'autres,
1202 3192 1243 3255 de
1257 3192 1330 3256 dete
1343 3210 1490 3274 connue,

458 3327 504 3373 on
536 3311 691 3374 domeure
717 3303 901 3370 convnincu
933 3301 1067 3386 qu'elles
1097 3300 1230 3365 doivent
1256 3303 1322 3364 etro
1347 3299 1491 3364 arrivees

459 3417 642 3483 seulement
658 3415 740 3480 dans
757 3413 788 3476 le
802 3431 900 3476 cours
915 3411 973 3474 des
994 3418 1039 3474 ιι·
1053 3423 1084 3473 et
1098 3423 1155 3472 att·
1170 3407 1294 3472 siecles.
1310 3407 1455 3472 D'nbord
1466 3407 1494 3471 il

459 3545 525 3610 ys,
542 3544 585 3590 00
605 3519 719 3588 milieu
738 3519 784 3582 du
802 3529 861 3582 ιιι·
870 3515 979 3589 siecle,
990 3515 1165 3598 justement
1182 3532 1229 3576 un
1245 3509 1429 3597 Stephanus
1443 3511 1491 3575 VI

460 3633 502 3697 de
522 3633 699 3710 Mercoeur,
715 3625 773 3711 qui
787 3639 836 3689 est
862 3623 985 3707 deeque
1008 3621 1049 3684 de
1073 3619 1246 3686 Clermonr
1268 3619 1494 3703 (trit-1169),

460 3739 536 3826 puis
546 3741 594 3805 les
603 3737 746 3820 reliques
755 3733 882 3819 placees
892 3749 951 3816 par
961 3729 1010 3794 lui
1020 3729 1103 3794 dans
1112 3741 1193 3792 cette
1202 3726 1310 3810 vierge
1319 3741 1493 3807 onerante,

460 3847 509 3912 les
527 3847 654 3931 ongles,
668 3841 840 3920 l'ombilic,
853 3838 884 3902 le
906 3857 987 3921 sang
1012 3837 1059 3900 du
1082 3832 1196 3900 Christ
1217 3831 1398 3917 reppellent
1418 3837 1496 3916 pre-

461 3953 621 4020 cisement
640 3949 739 4016 celles
763 3947 821 4034 qui
843 3965 877 4011 se
900 3957 1064 4026 trouvent,
1089 3961 1174 4028 pour
1195 3939 1228 4005 la
1248 3938 1408 4023 premiere
1428 3937 1496 4003 lois

462 4064 633 4150 peut-etse,
646 4059 729 4124 dans
746 4055 778 4122 le
798 4051 1005 4121 Saint-Voult
1025 4051 1066 4114 de
1081 4049 1244 4132 Lucques,
1260 4045 1318 4131 qui
1332 4045 1436 4110 errive
1452 4065 1496 4110 en

466 4167 560 4238 ltelie
574 4187 615 4232 00
633 4165 726 4250 ιο98.
744 4163 773 4228 11
786 4162 868 4228 n'est
882 4179 941 4246 pas
951 4156 1080 4244 jusqu’d
1093 4174 1130 4219 ce
1144 4173 1224 4219 nom
1238 4153 1279 4217 de
1293 4151 1493 4237 Stephanus,

465 4275 649 4364 &galement
669 4273 763 4357 porte
783 4289 842 4356 per
861 4265 949 4333 celui
969 4264 1027 4350 qui
1047 4262 1084 4327 fit
1104 4263 1172 4326 don
1192 4260 1211 4324 d
1229 4259 1381 4344 Lucques
1400 4259 1443 4324 de
1462 4259 1497 4322 la

467 4385 594 4456 celebre
605 4380 743 4467 relique,
758 4376 816 4465 qui
831 4395 873 4442 ne
886 4373 951 4440 soit
963 4372 983 4438 1
996 4391 1038 4438 00
1052 4366 1260 4456 repprocher.
1274 4365 1344 4432 Ces¹
1351 4363 1495 4451 reliques
