3130 5514
437 651 482 698 ts
505 649 628 698 saltam
650 649 763 698 LANCE
1056 652 1115 701 121

76 905 90 936 ι
104 885 222 944 timore
236 886 317 945 sicut
330 884 426 945 tristis
440 885 614 959 titubarem,
620 885 703 944 venit
713 897 782 944 ante
797 903 845 944 me
862 887 969 947 beatus
982 887 1122 946 Andreas

76 1000 185 1040 ccum
210 983 298 1042 socio
321 983 472 1058 quodam;
492 984 621 1043 multum
642 983 716 1042 mihi
740 983 962 1060 interminatus,
978 986 1037 1045 nisi
1060 985 1122 1045 cito

77 1101 92 1132 ι
106 1081 203 1138 vobis
219 1082 374 1138 Lanceam
389 1081 558 1138 redderem.
572 1101 585 1134 ι
598 1081 760 1158 Quumque
773 1083 812 1140 ab
827 1100 865 1141 eo
879 1101 982 1142 comes
996 1097 1027 1143 et
1041 1083 1123 1161 epis·

77 1194 181 1252 copus
196 1177 393 1236 revelationis
411 1191 441 1236 et
459 1177 606 1254 jussionis
626 1179 803 1255 apostolica
824 1181 963 1240 ordinem
985 1184 1119 1259 require·

79 1291 162 1350 rent,
178 1277 356 1353 respondit:
370 1298 383 1332 ι
397 1279 432 1336 In
446 1278 546 1354 primo
558 1290 647 1338 terrae
659 1293 755 1354 motu,
771 1280 823 1356 qui
836 1281 918 1356 apud
928 1280 1122 1340 Antiochiam

79 1396 94 1428 ι
109 1375 212 1434 factm
226 1389 283 1450 est,
295 1394 391 1452 quum
405 1377 554 1436 exercitus
566 1379 753 1436 Francorum
765 1377 921 1438 obsideret
931 1396 1008 1452 eam,
1018 1391 1122 1438 tantus

80 1494 94 1527 ι
109 1473 208 1532 timor
220 1493 271 1532 me
285 1474 407 1548 invasit,
420 1487 453 1534 ut
468 1475 544 1532 nihil
558 1489 670 1552 praeter
685 1499 698 1530 t
711 1479 794 1534 Deus
809 1477 919 1550 adjuva
933 1494 980 1534 me
992 1497 1006 1529 ι
1022 1475 1122 1533 dicere

82 1593 95 1624 ι
110 1588 249 1646 possem.
267 1571 342 1632 Erat
356 1573 438 1632 enim
451 1591 512 1631 nox
526 1587 557 1632 et
567 1590 624 1649 ego
639 1575 791 1648 jacebam3
807 1591 863 1632 nec
877 1573 910 1631 in
924 1573 1047 1650 tugurio
1056 1589 1122 1630 meo

83 1683 182 1728 «erat
203 1669 316 1744 aliquis
339 1669 427 1744 cnjus
451 1669 606 1728 consortio
634 1671 797 1729 refoverer.
828 1671 932 1741 Quum
960 1685 1072 1742 autem,
1089 1681 1124 1728 ut

86 1801 99 1830 ι
115 1767 191 1840 dixi,
205 1767 372 1826 concussio
385 1780 474 1825 terrae
488 1767 603 1826 diutius
615 1769 749 1842 duraret,
762 1782 792 1827 et
804 1768 896 1827 timor
905 1785 992 1826 meus
1006 1783 1125 1843 semper

86 1877 317 1938 ¹excresceret,
338 1881 443 1922 coram
462 1882 511 1923 me
534 1865 596 1923 duo
614 1866 671 1924 viri
691 1866 875 1924 adstiterunt
895 1865 928 1923 in
950 1878 1034 1924 veste
1062 1864 1124 1923 cla·

88 1963 252 2036 «sissima;
274 1962 352 2020 alter
378 1975 443 2021 erat
473 1963 586 2034 senior,
610 1963 678 2021 rufo
710 1981 848 2039 canoque
880 1963 1003 2039 capillo,
1025 1963 1124 2022 occuli

87 2081 103 2111 ι
119 2060 195 2137 nigri
207 2073 238 2119 et
252 2059 469 2118 convenientes
484 2059 584 2132 faciei,
600 2061 695 2120 barba
707 2079 779 2118 vero
794 2078 870 2119 cana
885 2073 915 2118 et
935 2061 996 2120 lata
1008 2073 1038 2120 et
1051 2079 1124 2138 pro-

88 2179 103 2209 κ
118 2157 188 2232 lixa,
201 2172 234 2218 et
247 2172 365 2219 statura
387 2160 453 2235 ejus
476 2159 591 2232 media;
607 2160 683 2218 alter
703 2177 775 2217 vero
796 2171 825 2219 et
843 2159 946 2234 junior
968 2172 997 2219 et
1016 2178 1124 2236 proee-

88 2277 102 2307 ι
118 2256 179 2314 rior
195 2271 271 2329 erat,
287 2257 445 2332 speciosus
459 2257 556 2316 forma
573 2275 637 2333 prae
659 2258 732 2316 filiis
752 2258 921 2316 hominum.
937 2259 976 2318 Et
992 2259 1033 2316 ait
1051 2257 1125 2316 mihi

89 2375 103 2407 ι
118 2355 241 2413 senior:
258 2376 272 2409 e
289 2355 373 2424 Quid
385 2353 467 2431 agis?
483 2376 496 2409 r
514 2357 552 2414 Et
566 2374 623 2432 ego
646 2356 776 2415 maxime
796 2357 895 2426 timui,
911 2357 983 2433 quia
1006 2356 1125 2414 nulium

89 2473 103 2504 s
117 2455 224 2512 edesse
238 2453 385 2512 sciebam.
403 2453 441 2511 Et
451 2454 593 2530 respondi
605 2473 612 2512 :
626 2477 639 2509 α
655 2455 715 2525 Qui
726 2472 759 2512 es
773 2453 828 2513 tui
843 2476 856 2509 r
871 2457 910 2513 Et
925 2455 966 2514 ait
982 2473 989 2512 :
1002 2477 1015 2508 r
1028 2455 1125 2530 Surge

89 2564 149 2609 «et
168 2549 232 2608 noli
254 2549 374 2620 timere,
390 2561 420 2608 et
440 2551 512 2608 audi
535 2568 604 2626 quae
632 2567 689 2628 ego
713 2551 825 2626 loquor
848 2551 887 2608 ad
907 2563 947 2609 te.
968 2551 1034 2629 Ego
1058 2571 1126 2610 sum

89 2669 104 2698 ι
118 2647 253 2706 Andreas
263 2648 601 2724 apostoluscongrega
611 2649 789 2726 episcopum
800 2651 984 2708 Podiensem
995 2663 1025 2709 et
1034 2648 1127 2708 comi·

91 2765 106 2798 ι
121 2757 179 2803 tem
192 2745 298 2805 Sancti
312 2745 435 2821 AEgidii,
451 2759 483 2805 et
501 2749 626 2806 Petrum
650 2747 855 2806 Raimundum
869 2748 907 2807 de
926 2748 998 2806 Alto
1018 2745 1122 2808 Pullo.

92 2863 108 2894 s
123 2843 161 2902 Et
173 2843 239 2904 bec
253 2843 340 2902 dices
359 2843 398 2902 ad
411 2843 481 2902 illos
496 2860 504 2901 τ
525 2866 539 2899 e
554 2845 617 2902 Cur
635 2845 760 2922 negligit
778 2845 941 2922 episcopus
960 2843 1127 2921 praedicare

93 2962 107 2993 ι
122 2953 150 3000 et
161 2957 357 3000 commonere
372 2955 484 3001 etcum
499 2959 589 3000 cruce
604 2961 695 3018 quam
715 2943 837 3018 praefert
855 2941 992 3018 quotidie
1007 2941 1127 3018 signare

93 3059 107 3091 s
120 3038 287 3116 populum?
311 3039 424 3098 etenim
451 3039 581 3098 mulmm
601 3041 762 3114 prodesset
781 3039 853 3099 illis.
878 3061 892 3094 n
920 3041 959 3098 Et
982 3037 1126 3098 addidit:

93 3135 242 3196 «Veniet
263 3137 426 3194 ostendam
440 3135 496 3195 tibi
513 3137 665 3194 Lanceam
683 3136 777 3212 patris
798 3136 895 3195 nostri
913 3137 985 3195 Jesu
1000 3135 1127 3208 Christi,

93 3253 212 3312 squam
226 3235 335 3294 comiti
355 3235 485 3294 donabis
506 3254 514 3294 τ
535 3234 648 3295 etenim
663 3236 746 3293 Deus
769 3253 838 3293 eam
858 3235 1010 3295 concessit
1033 3235 1078 3293 illi
1093 3251 1130 3293 ex

94 3351 182 3410 «qno
205 3333 328 3410 genitus
349 3347 405 3392 est.
422 3354 436 3387 r
452 3334 576 3392 Surrexi
599 3333 702 3408 itaque
726 3345 756 3392 et
780 3345 901 3392 secutus
920 3349 988 3390 sum
1008 3330 1130 3390 eumin

94 3431 276 3490 scisitatem
289 3431 376 3489 nullo
401 3431 606 3490 circumdatus
630 3430 753 3503 amictu,
772 3445 883 3507 praeter
903 3430 1069 3489 camisiam.
1092 3429 1131 3487 Et

94 3549 106 3580 ι
121 3528 241 3588 induxit
255 3547 305 3588 me
320 3529 352 3586 in
370 3529 531 3588 eeclesiam
545 3527 630 3588 Beati
643 3527 726 3587 Petri
741 3529 872 3604 apostoli
886 3545 940 3604 per
954 3525 1131 3604 septentrio·

94 3627 221 3685 «nalem
242 3637 376 3702 portam,
392 3644 483 3702 quam
506 3639 596 3684 antea
621 3625 781 3684 Sarraceni
805 3625 1027 3683 Mahumariam
1051 3622 1131 3682 sece-

95 3738 198 3785 srant.
215 3727 251 3783 in
275 3725 406 3784 ecclesia
428 3741 512 3797 vero,
527 3725 596 3782 duae
619 3724 775 3799 lampades
798 3735 895 3794 erant,
921 3739 989 3796 quae
1012 3733 1131 3780 tantum

96 3822 225 3882 «lumen
251 3822 295 3880 ibi
324 3823 502 3896 reddebant,
524 3839 559 3880 ac
589 3820 615 3879 si
641 3821 783 3880 meridies
807 3819 972 3890 illuxisset;
997 3831 1027 3877 et
1057 3818 1132 3877 dixit

96 3919 250 3978 smibizs
274 3921 425 3996 Exspecta
448 3919 507 3977 bic.
528 3940 541 3973 r
561 3919 600 3977 Et
623 3917 711 3994 jussit
733 3935 781 3977 me
803 3919 945 3977 assistere
968 3915 1128 3984 columnae,

96 4035 190 4092 «quae
205 4018 424 4094 proximasset
446 4017 591 4095 gradibus
610 4016 722 4092 quibus
742 4015 916 4076 ascenditur
936 4015 976 4074 ad
999 4014 1093 4073 altare
1115 4031 1133 4071 a

97 4137 109 4166 ι
124 4117 262 4176 meridie.
279 4119 319 4176 Et
338 4117 441 4176 socius
462 4117 529 4191 ejus
544 4115 665 4190 alonge
689 4114 783 4186 stetit,
798 4127 868 4172 ante
890 4113 1002 4190 gradus
1016 4109 1130 4171 altaris.

97 4235 109 4266 s
125 4215 345 4292 Ingressusque
368 4215 426 4273 sub
454 4227 567 4273 terram
591 4224 714 4271 sanctus
728 4211 876 4282 Andreas,
891 4209 1035 4287 produxit
1050 4211 1131 4268 Lan·

97 4333 110 4362 ι
124 4329 219 4386 uam,
234 4325 328 4388 atque
342 4311 375 4370 in
389 4311 530 4370 manibus
541 4309 617 4369 mibi
628 4309 762 4369 tradidit.
776 4311 815 4368 Et
828 4307 904 4368 dixit
916 4307 990 4366 mihi
1003 4323 1011 4363 ε
1026 4307 1132 4364 «Ecce

99 4409 246 4472 «Lancea
269 4425 340 4486 quae
363 4409 442 4468 latus
469 4409 535 4484 ejus
559 4405 687 4482 speruit,
702 4405 784 4466 unde
805 4406 900 4466 totius
915 4402 1021 4464 mundi
1049 4401 1132 4464 selus
