3130 5514
473 662 517 710 ai
541 659 663 710 satura
686 659 798 708 nauca
1086 642 1149 710 125

613 1035 658 1094 15.

329 1186 365 1244 C.
381 1186 422 1244 11.
436 1217 473 1232 -
484 1185 534 1245 De
555 1183 668 1246 visione
684 1182 782 1244 sancti
798 1183 935 1242 Andreae.

132 1415 174 1476 Et
198 1429 238 1475 ut
267 1417 375 1477 divina
397 1415 530 1490 bonitas,
552 1415 634 1475 bona
660 1413 750 1474 bonis
777 1413 993 1488 accumularet,
1015 1432 1149 1492 suosque

94 1511 254 1588 lugubres
283 1531 389 1572 servos
408 1513 503 1589 magis
526 1513 683 1588 magisque
705 1510 884 1585 taeufimret,
911 1511 997 1572 alluit
1019 1511 1062 1570 ibi
1080 1511 1149 1587 qui·

96 1609 169 1667 dam
182 1611 386 1688 peregrinus,
403 1611 527 1670 nomine
543 1613 663 1685 Petrus,
677 1609 730 1687 qui
745 1623 775 1670 et
789 1609 868 1668 hano
881 1609 1032 1669 visionem
1047 1609 1150 1669 retulit

97 1725 207 1768 soram
228 1713 404 1771 omnibus:
420 1712 571 1786 «Audite,
586 1712 718 1790 populus
735 1711 857 1770 Domini
879 1723 909 1770 et
930 1709 1008 1769 servi
1023 1707 1079 1766 Dei
1098 1724 1150 1766 ex-

100 1807 223 1881 scelsi,
250 1827 363 1868 vocem
382 1827 491 1884 meant,
516 1823 546 1870 et
570 1809 763 1870 sermonibus
787 1809 863 1868 meis
882 1807 1026 1868 inclinate
1046 1823 1150 1866 aurem

102 1923 116 1956 s
129 1917 285 1966 vestram.
302 1907 384 1964 Dum
398 1907 430 1964 in
444 1905 605 1966 obsidione
624 1907 715 1983 hujus
729 1906 859 1968 civitatis
871 1923 1002 1978 eramus,
1018 1905 1150 1982 quadam

102 2015 229 2060 «nocte
251 2002 374 2062 adstitit
394 2003 468 2062 mihi
486 2004 519 2062 in
539 2003 657 2064 visione
678 2017 801 2064 sanetus
820 2005 958 2064 Andreas
981 2003 1149 2082 apostolus,

104 2097 246 2158 edicens
262 2118 271 2158 ε
289 2122 304 2155 a
322 2101 407 2159 Bone
420 2101 476 2174 vir,
492 2101 564 2160 audi
579 2115 609 2162 et
622 2100 758 2176 intellige
771 2117 833 2161 me.
849 2123 863 2156 ι
880 2101 919 2160 Et
934 2101 984 2160 aio
999 2101 1145 2160 adeum:

104 2195 181 2253 «Tu
197 2197 276 2272 quis
291 2215 336 2270 es,
349 2197 522 2258 Dominei»
537 2201 576 2260 Et
594 2200 646 2258 ille
665 2217 673 2258 :
691 2221 705 2255 r
730 2200 795 2276 Ego
810 2217 878 2258 sum
895 2199 1033 2258 Andreas
1058 2216 1149 2274 apos·

106 2313 119 2344 ι
132 2293 230 2354 tolus.
250 2296 323 2370 Fili,
335 2315 429 2372 quum
444 2299 551 2356 urbem
564 2297 644 2356 hanc
656 2297 817 2356 intraveris
831 2309 861 2355 et
875 2314 942 2355 eam
955 2296 987 2354 in
997 2309 1149 2374 potestate

105 2389 300 2466 «habueris,
325 2393 365 2452 ad
387 2393 547 2454 ecclesiam
575 2395 654 2454 beati
676 2395 758 2454 Petri
786 2393 925 2453 celeriter
952 2395 1029 2453 vade
1061 2406 1092 2452 et
1116 2393 1149 2452 in

108 2486 246 2547 slooum
262 2508 356 2566 quern
378 2506 588 2552 monstravero
603 2493 671 2566 tibi,
686 2493 823 2552 invenies
839 2493 990 2550 Lanceam
1005 2508 1065 2566 qua
1078 2506 1149 2566 per-

108 2605 121 2636 ι
136 2585 278 2647 {oratum
291 2589 350 2648 fuit
360 2589 439 2648 latus
451 2589 617 2650 Salvatoris
631 2590 738 2650 nostri.
751 2613 765 2645 s
778 2591 854 2648 Haec
867 2603 940 2648 tunc
955 2589 1149 2648 solummodo

110 2687 305 2758 eapostolus
329 2686 406 2745 dixit
429 2687 514 2746 mihi.
536 2689 601 2764 Ego
622 2705 695 2747 vero
717 2701 790 2747 tuno
815 2704 878 2746 non
906 2703 999 2744 ausus
1022 2685 1065 2744 lui
1089 2684 1149 2744 hoc

1 2785 2 2794 ’
110 2781 234 2841 «alicui
264 2783 412 2858 indicare,
438 2783 613 2844 existimans
638 2803 686 2843 me
713 2803 823 2843 vanam
848 2783 999 2844 visionem
1024 2781 1147 2841 vidisse.

111 2877 233 2938 illunc
262 2899 337 2940 vero
370 2881 429 2941 ista
460 2897 550 2942 nocte
581 2883 691 2942 iterum
721 2882 861 2960 apparuit
894 2881 968 2940 mihi
1000 2879 1106 2939 dicens
1140 2897 1148 2938 :

111 2977 218 3038 sVeni
243 2993 275 3040 et
296 2983 456 3040 ostendam
479 2981 534 3040 tibi
552 2981 655 3040 locum
677 2981 731 3040 ubi
759 2983 880 3040 Lancea
898 2977 1079 3038 abscondita
1092 2989 1148 3050 est,

3 3069 6 3087 '
111 3073 219 3138 «sicut
246 3078 377 3154 promisi
403 3079 470 3138 tibi.
494 3079 617 3139 Festina
642 3079 734 3156 igitur
753 3091 787 3138 ut
812 3079 895 3136 illam
924 3075 1085 3136 abstrahas
1111 3075 1149 3133 de

112 3185 232 3248 stema,
258 3175 407 3251 quoniam
427 3177 620 3252 portantibus
646 3193 712 3235 eam
733 3190 878 3252 sequetur
903 3175 1041 3235 victoria.
1067 3195 1080 3228 ι
1110 3175 1150 3231 Et

114 3273 281 3331 sostendit
303 3272 377 3330 mihi
401 3287 524 3332 sanctus
552 3273 709 3349 apostolus
736 3272 849 3345 locum,
875 3289 965 3348 quem
991 3271 1092 3330 venite
1119 3285 1149 3330 et

114 3365 244 3428 svidete
259 3382 290 3428 et
304 3369 376 3430 inde
392 3387 460 3429 eam
474 3388 593 3430 mecum
608 3369 794 3428 extrahite.»
809 3371 973 3445 Quumque
988 3385 1094 3428 omnes
1109 3369 1148 3428 ad

114 3463 274 3525 ecclesiam
297 3467 378 3526 beati
392 3467 475 3526 Petri
498 3483 619 3526 currere
637 3467 761 3540 vellent,
780 3465 892 3542 adjecit
909 3466 1009 3525 adhuc
1028 3478 1058 3524 et
1081 3465 1147 3526 ait:

115 3577 128 3609 a
142 3559 273 3624 Mandat
285 3565 373 3624 vobis
390 3579 513 3624 sanctus
525 3565 667 3624 Andrea:
684 3587 697 3620 a
712 3566 759 3623 Ne
776 3563 928 3638 timeatis;
943 3563 998 3622 sed
1020 3561 1147 3622 confite-

117 3657 216 3720 ·mini
237 3675 270 3722 et
286 3661 499 3737 poenitentiam
519 3663 599 3740 agite
622 3661 748 3722 amalis
769 3661 914 3738 operibus
937 3660 1047 3721 vestris
1070 3678 1148 3736 qno-

116 3771 128 3804 ·
143 3755 224 3817 niam
239 3761 320 3819 infra
336 3763 381 3818 .V.
395 3761 461 3820 dies
477 3779 567 3838 super
581 3761 714 3820 inimicis
731 3760 839 3820 vestris
854 3760 964 3819 iterum
976 3759 1146 3836 triumpha·

118 3869 130 3902 a
144 3851 223 3916 bitis.
243 3879 259 3913 s
278 3859 367 3918 Tunc
386 3861 492 3918 omnes
506 3859 690 3920 unanimiter
709 3857 956 3934 glorificaverunt
970 3859 1078 3932 Deum,
1094 3858 1146 3933 qui

116 3945 296 4024 dignabatur
307 3955 460 4014 consolari
475 3957 597 4015 dolores
610 3955 757 4032 ipsorum.
772 3954 881 4014 Statim
895 3972 967 4014 vero
982 3972 1147 4014 concurre·

118 4059 184 4105 runt
204 4051 246 4110 ad
267 4051 427 4110 ecclesiam
450 4053 530 4111 beati
553 4051 648 4126 Petri,
668 4051 825 4128 cupientes
846 4051 947 4110 locum
966 4052 1070 4112 videre
1092 4051 1146 4112 ubi

117 4139 245 4208 debebat
259 4147 381 4209 Lancea
399 4149 540 4211 inveniri.
