3130 5514
427 592 472 642 us
495 591 617 642 sumtu
638 591 752 642 muca
1044 593 1108 666 ¹27

71 841 194 892 anctus
206 829 347 890 Andreas
368 827 537 905 apostolus,
557 838 721 902 antequem
745 825 898 888 civitatem
926 827 1109 890 intraremus

72 927 175 986 dicens
200 943 209 984 ε
230 925 345 997 «Quid
365 925 441 1002 egis,
456 925 537 984 bone
560 923 655 984 siris
676 923 734 984 Cui
753 924 805 984 ille
825 925 1007 1003 respondit:
1030 931 1110 988 a'lh

74 1024 171 1102 «quis
184 1043 218 1084 es
228 1025 268 1084 is
284 1025 369 1084 Dixit
382 1025 411 1084 ei
426 1023 584 1100 apostolus
600 1041 608 1081 r
625 1045 639 1080 r
657 1023 722 1100 Ego
741 1041 816 1083 suus
826 1025 964 1084 Andreas
983 1041 1108 1104 aposto·

74 1144 88 1176 a
102 1123 159 1182 lus.
172 1124 303 1198 Nosces,
315 1121 370 1195 fili,
381 1121 453 1198 quia
467 1121 541 1180 dum
554 1121 657 1180 villam
669 1120 864 1196 intraveritis,
875 1123 952 1182 vade
961 1125 1001 1182 ad
1015 1126 1109 1184 ecole-

75 1221 178 1280 rsiam
200 1221 283 1280 beati
299 1220 382 1280 Petri
403 1219 547 1298 apostoli,
562 1218 667 1294 ibique
681 1217 817 1279 invenies
837 1221 989 1282 Lanceam
1002 1223 1108 1282 Salva-

76 1319 176 1378 aroris
199 1319 297 1379 nostri
312 1319 403 1378 lhesu
415 1317 540 1392 Christi,
552 1335 590 1376 ex
611 1334 672 1393 qua
694 1317 768 1376 dum
791 1319 938 1394 penderet
957 1319 989 1378 in
1009 1321 1109 1381 crucis

76 1418 251 1492 «patibulo,
271 1419 448 1478 vulneratus
461 1415 563 1476 fuit.»
589 1417 665 1474 llaec
685 1415 790 1474 omnia
813 1417 932 1476 dicente
956 1418 1107 1494 apostolo,

75 1517 217 1577 continuo
245 1517 381 1577 recessit.
412 1518 481 1592 lpse
513 1527 616 1575 autem
643 1515 754 1574 timeus
782 1517 915 1576 revelare
946 1517 1109 1578 consilium

77 1617 213 1691 apostoli,
231 1616 332 1676 noluit
346 1615 482 1674 indicare
500 1613 678 1673 hominibus
696 1613 819 1687 nostris,
839 1615 957 1676 scilicet
973 1615 1109 1692 peregri-

78 1713 133 1771 nis.
151 1713 332 1773 AEstimabat
355 1725 457 1772 autem
483 1729 515 1770 se
539 1711 639 1770 visum
664 1710 788 1770 vidisse.
811 1713 880 1773 Alia
899 1718 963 1774 vice
985 1731 1109 1790 quoque

78 1811 156 1870 venit
176 1814 305 1872 adeum
324 1823 447 1872 sanctus
457 1809 596 1868 Andreas
619 1808 724 1868 dicens
739 1827 747 1867 ε
764 1831 778 1864 r
795 1809 897 1881 Qusre
920 1827 982 1869 non
1006 1809 1108 1869 dixisti

81 1909 270 1986 «peregrinis
285 1911 369 1985 quod
382 1910 439 1968 tibi
458 1907 638 1986 praecopii»
654 1911 693 1968 Et
714 1909 766 1968 ille
780 1907 938 1984 respondit
957 1907 995 1966 sd
1008 1924 1079 1966 eum
1098 1925 1107 1966 ε

82 2005 245 2080 «Domine,
261 2007 331 2082 quis
351 2007 411 2066 hoc
432 2006 614 2067 crediderit?
634 2028 647 2061 r
669 2009 704 2065 ln
725 2006 777 2066 illa
799 2023 871 2065 vero
893 2006 969 2064 hora
992 2005 1109 2082 accepit

81 2119 144 2160 eum
157 2117 281 2164 sanctus
292 2105 440 2178 Andreas,
457 2119 486 2166 et
503 2105 638 2182 portavit
652 2123 722 2164 eum
736 2105 769 2163 in
783 2105 935 2164 civitatem
952 2121 1049 2180 usque
1069 2103 1108 2162 ad

81 2199 173 2258 locum
182 2202 236 2260 ubi
245 2203 366 2261 Lancea
376 2217 441 2264 erat
450 2204 608 2264 recondita
618 2203 650 2262 in
662 2216 753 2262 terra.
762 2203 808 2261 Eo
818 2203 950 2276 vidente,
960 2201 1108 2261 abstraxit

80 2297 209 2358 Andreas
223 2300 384 2376 apostolus
396 2303 548 2360 Lanceam
563 2303 601 2361 de
615 2315 697 2360 terra
710 2313 741 2361 et
750 2301 833 2360 misit
846 2301 878 2359 in
888 2300 1029 2359 manibus
1044 2299 1108 2359 suis

81 2395 195 2454 dicens:
212 2417 226 2451 a
243 2397 320 2457 Haec
334 2411 381 2459 est
392 2401 513 2460 Lancea
525 2401 650 2460 Domini
661 2401 758 2460 nostri
771 2400 863 2459 ihesu
874 2398 1000 2473 Christi,
1016 2415 1106 2474 quam

83 2515 93 2544 ι
107 2511 159 2568 ego
173 2493 242 2554 misi
263 2495 314 2556 hic
328 2509 359 2556 et
376 2498 467 2558 irater
480 2516 567 2559 meus
581 2499 739 2574 apostolus
753 2501 872 2558 Petrus.
887 2518 900 2552 r
913 2497 959 2555 Eo
973 2496 1106 2570 vidente,

82 2589 155 2650 nisit
168 2610 234 2652 eom
249 2593 375 2669 ibidem,
389 2609 419 2655 et
432 2595 510 2656 dixit
523 2597 614 2657 Petro
628 2609 745 2673 postea.
761 2618 775 2652 a
791 2597 953 2654 Revertere
967 2595 1006 2653 ad
1021 2611 1107 2652 exer·

83 2689 233 2750 mitum.»
254 2691 314 2750 Cui
330 2691 382 2751 ille
401 2692 581 2770 respondit:
603 2715 616 2748 a
638 2693 779 2768 Domine,
803 2693 960 2770 quomodo
980 2709 1107 2768 possum

83 2787 158 2862 tire,
180 2807 250 2848 uam
262 2789 357 2848 Turci
377 2807 469 2868 supra
494 2809 598 2850 muros
622 2789 752 2850 civitatis
773 2805 854 2865 sunt,
874 2791 927 2866 qui
943 2803 1107 2867 postquam

83 2885 232 2947 sciderint
255 2905 315 2961 me,
337 2888 422 2948 illico
443 2888 634 2948 occidentis
660 2889 718 2946 Cui
739 2887 897 2965 respondit
919 2889 1105 2964 apostolus:

83 2983 186 3044 «Vade
205 3003 244 3044 ne
268 2985 388 3045 timeas.
414 3007 428 3040 r
456 2987 545 3046 Tunc
569 2989 679 3046 Petrus
698 2986 792 3062 coepit
810 2985 892 3045 exire
912 2987 951 3046 de
973 2986 1105 3060 civitate,

81 3080 243 3144 videntibus
253 3083 373 3157 Turcis,
388 3083 526 3160 nihilque
540 3084 569 3144 ei
583 3085 725 3142 dixerunt
744 3085 806 3160 [pp.
820 3085 1005 3159 7o·71.].....

111 3181 233 3256 Thema,
249 3184 304 3256 xl,
323 3203 350 3242 o.
372 3202 412 3242 tv.
431 3217 468 3228 -
482 3186 548 3242 Nos
568 3184 671 3260 igitur,
687 3181 798 3243 auditis
813 3181 1003 3240 sermonibus
1024 3181 1106 3242 illius

82 3281 259 3354 supradicti
283 3281 366 3340 Petri
396 3283 623 3355 Bartholomaei,
645 3281 697 3358 qui
726 3297 846 3340 eramus
875 3278 908 3336 in
931 3277 1105 3352 Antiochia,

82 3379 225 3450 quomodo
240 3380 349 3439 beatus
362 3381 500 3440 Andreas
516 3381 673 3458 apostolus
687 3378 771 3439 venit
785 3390 815 3438 et
834 3377 968 3436 ostendit
982 3377 1010 3435 ei
1024 3377 1105 3434 Lan-

82 3489 157 3534 ceam
166 3477 256 3536 lhesu
267 3477 380 3537 Christi
391 3490 422 3536 et
431 3477 543 3550 locum,
555 3477 692 3553 percussi
707 3476 820 3535 luimus
831 3473 963 3534 maximo
978 3473 1105 3550 gaudio;

83 3569 181 3630 deinde
195 3572 280 3632 venit
292 3574 400 3632 Petrus
415 3573 454 3632 ad
473 3573 618 3632 comitem
633 3571 737 3632 Sancti
751 3571 865 3647 AEgidii
887 3583 917 3630 et
936 3569 1012 3628 dixit
1030 3571 1059 3629 ei
1073 3583 1107 3632 ut

82 3682 208 3744 pergeret
228 3671 269 3730 ad
291 3669 452 3730 ecclesiam
466 3670 570 3730 Sancti
584 3669 667 3729 Petri
679 3669 732 3728 ubi
754 3669 875 3727 Lancea
889 3681 963 3728 erat.
981 3669 1035 3728 llle
1055 3686 1107 3728 au·

83 3765 159 3826 diens
173 3769 239 3827 hec
259 3785 330 3826 curn
348 3786 457 3844 magna
480 3768 586 3828 laetitia
604 3767 743 3844 pervenit
761 3768 800 3826 ad
819 3767 989 3842 ecclesiam,
1004 3779 1035 3826 et
1054 3767 1107 3826 ille

86 3863 181 3924 Petrus
195 3865 330 3926 ostendit
344 3866 372 3924 ei
387 3866 489 3926 locum
503 3879 573 3926 ante
586 3867 694 3943 januas
709 3865 794 3924 chori
816 3865 848 3924 in
868 3866 991 3924 dextera
1008 3877 1105 3940 perte.

86 3959 118 4018 Et
130 3963 170 4022 ibi
183 3963 327 4024 foderunt
341 3964 505 4023 duodecim
522 3963 663 4022 homiues
676 3963 715 4022 de
730 3979 818 4022 mane
832 3979 930 4038 usque
945 3963 984 4021 sd
998 3981 1107 4038 vespe·

86 4077 149 4120 mm.
164 4063 256 4122 Facta
274 4075 377 4122 autem
394 4063 485 4122 nimis
503 4063 656 4140 protunda
669 4063 768 4136 loves,
783 4062 849 4137 ipse
862 4064 971 4122 Petrus
990 4061 1107 4124 invenit

88 4156 224 4219 lmcesm
242 4161 334 4220 lhesu
348 4161 473 4236 Christi,
499 4161 578 4221 sicut
603 4163 709 4220 beatus
736 4159 874 4219 Andreas
900 4159 928 4218 ei
948 4159 1105 4236 indicavit,

88 4271 182 4328 quarto
203 4259 323 4318 decimo
344 4259 394 4320 die
413 4260 545 4320 intrante
558 4259 661 4319 lunio.
678 4259 717 4318 Et
735 4270 917 4335 acceperunt
931 4257 1016 4317 illam
1035 4277 1106 4318 cum

88 4369 184 4431 magno
204 4355 328 4434 gaudio,
351 4357 425 4416 r'l'e
438 4359 537 4418 Deum
553 4357 673 4418 lemnus
693 4378 706 4412 r
728 4357 903 4434 psallentes,
915 4356 1105 4417 detulerunt·
