3134 5606
433 651 477 700 rr.
496 649 617 700 santra
635 649 816 698 counonrvn
1065 619 1134 708 439

145 888 224 946 Zum
236 886 274 942 V.
295 884 354 942 Ein
371 884 485 942 silbern
504 881 645 956 ubergult
660 880 742 940 Bildt
762 880 827 938 eins
847 879 962 954 Konigs
985 877 1036 936 ein
1053 873 1136 934 klein

106 997 303 1044 monstrancz
318 981 350 1040 in
368 982 400 1039 (ΙΙ
414 981 508 1038 handt
520 979 599 1055 (Fig.
613 985 670 1054 71).

147 1083 208 1142 Ein
228 1083 315 1142 Dorn
333 1082 387 1142 der
402 1083 471 1141 dem
490 1082 600 1141 herren
620 1080 713 1140 ihesu
728 1079 793 1138 sein
809 1077 944 1154 heyliges
960 1077 1063 1148 Haupt
1074 1088 1138 1131 ver·

109 1179 219 1238 vvundt
230 1177 296 1238 hat.
791 1177 928 1234 Summa.
942 1175 963 1250 j.
978 1165 1135 1251 particlrel.

152 1381 292 1466 L'eglise
315 1383 356 1447 de
378 1382 578 1464 Wolhusen,
602 1401 645 1446 au
660 1381 791 1445 diocese
814 1381 855 1444 de
882 1379 972 1456 Bale,
999 1374 1137 1461 posside
1152 1386 1294 1436 wouusm

111 1488 232 1574 depuis
263 1489 339 1573 plus
363 1491 403 1554 de
428 1503 542 1572 quatre
566 1487 680 1551 siecles
707 1505 772 1550 une
794 1485 889 1570 epioe
912 1485 952 1548 de
974 1483 1006 1548 la
1034 1481 1137 1545 sainte
1190 1468 1232 1503 “⁹
1240 1468 1259 1502 ⁸·

113 1594 312 1660 eouronne.
343 1595 391 1660 La
410 1594 567 1660 tradition
580 1607 657 1656 veut
681 1592 799 1674 qu’elle
823 1591 868 1656 ait
892 1589 940 1654 ete
968 1587 1138 1672 rapportee

113 1701 264 1766 d’Orienr
283 1703 416 1784 perdes
439 1699 619 1766 chevaliers
639 1698 760 1762 croises
774 1698 814 1760 de
827 1696 1028 1762 Wolhusen.
1048 1693 1140 1757 Dans

115 1827 160 1872 un
173 1809 238 1872 tres
252 1808 349 1872 vieux
361 1807 520 1870 breviaire
535 1805 716 1884 cistercien,
733 1825 773 1868 au
789 1804 863 1887 jour
877 1805 917 1866 de
931 1803 963 1866 la
977 1802 1040 1865 iete
1054 1799 1094 1863 de
1108 1797 1140 1863 la

112 1913 308 1980 translation
323 1915 363 1978 de
375 1914 407 1978 la
422 1900 602 1978 Couronne
617 1931 675 1996 par
687 1911 774 1976 saint
789 1909 904 1989 Louis,
920 1927 965 1971 on
979 1907 1040 1971 lit:

150 2098 251 2156 «Una
264 2097 352 2174 spina
369 2097 408 2157 de
425 2097 483 2156 hac
500 2097 623 2156 Corona
640 2095 762 2154 Domini
778 2093 868 2153 etiam
882 2091 1036 2154 Wolhusii
1050 2105 1141 2150 vene-

115 2207 208 2254 ratur.
228 2216 242 2252 ι

156 2371 198 2436 Et
213 2389 258 2434 on
273 2383 388 2433 trouve
402 2368 434 2434 la
454 2383 542 2433 trare
554 2369 594 2432 de
608 2368 639 2432 la
654 2367 716 2432 lete
730 2369 770 2432 de
785 2369 817 2433 la
833 2368 944 2434 Sainte
959 2350 1066 2454 lipine
1086 2370 1144 2434 des

114 2476 147 2539 le
177 2496 210 2540 rr
239 2481 318 2542 tout
343 2479 436 2560 1488.
465 2477 512 2542 La
540 2477 700 2561 premiere
728 2479 876 2542 mention
904 2479 945 2542 de
967 2479 998 2543 la
1019 2478 1144 2562 relique

115 2602 151 2646 se
176 2599 349 2648 rencontre
374 2586 456 2649 dans
483 2585 513 2648 le
537 2585 705 2648 Jahrbuclr
737 2585 799 2648 der
825 2585 964 2668 Psarrei
989 2586 1145 2668 Rusuyll

116 2689 436 2775 (Geclriclrtssreund,
451 2705 475 2754 t.
495 2692 615 2769 XXVI,
637 2691 745 2774 1871).
767 2691 823 2756 Un
838 2691 954 2754 ancien
967 2710 1087 2774 propre
1105 2692 1144 2755 de

116 2797 235 2862 Sursee
260 2797 440 2882 (Jahrbuch
467 2817 529 2862 von
562 2798 679 2863 Greise
708 2797 894 2880 Buttislrolr
926 2799 1007 2862 dans
1034 2799 1139 2862 Kato.

115 2903 449 2987 Schweirer-bldtter,
471 2918 494 2969 t.
519 2903 583 2978 ΙΙΙ,
611 2904 703 2986 1891,
716 2923 750 2986 p.
767 2903 851 2986 371),
870 2903 903 2966 la
922 2901 1018 2968 ferait
1038 2905 1144 2968 meme

116 3025 282 3076 remonter
296 3009 371 3094 plus
389 3009 479 3075 haut.

156 3116 209 3180 sn
241 3115 320 3200 1⁵87
339 3116 389 3180 fut
412 3114 519 3199 angae
544 3115 576 3178 ra
600 3113 760 3178 conuerte
783 3113 823 3178 ae
850 3113 882 3177 ra
899 3095 1142 3200 sainte-iprae.

158 3221 203 3287 Le
218 3222 392 3306 reliquaire
416 3223 473 3308 qui
494 3222 526 3286 la
540 3221 700 3284 renierme
724 3235 773 3284 est
792 3220 928 3284 l’oeuvre
955 3221 1001 3285 du
1019 3221 1145 3287 celebre

117 3327 244 3393 orlevre
258 3329 489 3409 Munsterrois,
505 3329 636 3394 Ortmar
652 3327 773 3411 Dugel,
784 3347 825 3390 en
850 3327 930 3391 1688
946 3327 966 3390 ¹.

61 3493 66 3504 ’
152 3515 222 3574 «Ac
236 3530 303 3574 eam
317 3515 413 3574 nostri
424 3515 513 3574 solita
527 3513 708 3572 liberalitate
722 3512 816 3572 sacris
833 3511 985 3572 donativis
999 3513 1144 3571 decorare
1156 3523 1248 3570 xlm

116 3613 263 3683 volentes,
276 3613 315 3672 ad
328 3612 456 3670 eandem
466 3611 593 3688 gloriam
608 3623 637 3669 et
649 3610 798 3668 honorem
813 3607 1029 3684 omnipotentis
1040 3609 1095 3668 Dei
1115 3623 1145 3668 et
1167 3605 1235 3640 Μ

117 3709 259 3786 gloriosa
272 3707 406 3784 Virginis
421 3708 538 3780 Mariae,
558 3709 615 3766 sub
634 3708 721 3782 cujus
744 3707 834 3766 titulo
854 3706 992 3765 Ecclesia
1006 3706 1146 3766 dedicata

117 3805 229 3878 existit,
239 3805 436 3880 omniumque
451 3817 627 3864 sanctorum
636 3817 666 3862 et
679 3816 853 3862 sanctarum
865 3820 921 3862 nec
934 3821 997 3862 non
1009 3803 1146 3862 fidelium

118 3904 286 3964 eorundem
319 3904 359 3962 ad
392 3903 505 3964 dictam
536 3902 696 3962 ecclesiam
732 3902 927 3962 devotionem
962 3903 1147 3978 augendam,

118 4001 324 4077 infrascriptas
338 4001 484 4078 reliquias
507 4002 545 4061 de
570 4001 630 4059 hoc
645 3999 725 4059 alma
744 4001 820 4058 urbe
843 3999 881 4058 ad
903 4015 970 4058 eam
988 4000 1148 4060 ecclesiam

120 4099 307 4159 decrevimus
333 4101 529 4160 destinandas
550 4119 558 4159 :
582 4118 651 4176 quae
674 4113 745 4160 sunt
762 4100 827 4159 istae
851 4098 992 4159 videlicet
1007 4117 1015 4156 ε
1031 4099 1069 4157 de
1087 4099 1148 4156 Co·

120 4197 223 4257 lumna
232 4198 287 4258 ubi
300 4198 357 4258 fuit
370 4199 540 4276 flagellatus
553 4197 702 4258 Dominus
717 4199 830 4258 Noster
842 4197 857 4257 J
861 4199 930 4256 es'us
946 4195 1096 4270 Christus,
1110 4197 1149 4255 de

154 4407 177 4446 r.
191 4393 436 4463 Renseignements
445 4394 660 4464 communiques
668 4409 719 4462 par
730 4395 767 4448 tt.
777 4393 887 4448 iecore
896 4393 1111 4448 deWolhusen.
