3130 5514
446 625 489 672 nn
513 623 636 672 sarrire
659 624 769 672 truce
1061 607 1125 700 139

77 857 266 934 deputandi,
278 859 331 935 qui
345 859 384 916 ab
398 859 574 935 hujusmodi
589 859 694 936 primis
708 861 842 936 vesperis
854 879 951 938 usque
966 863 1005 922 ad
1017 881 1127 924 secun·

77 957 138 1014 das
160 974 318 1033 vesperas,
339 956 389 1016 die
416 975 525 1016 annuae
551 959 737 1017 ostensionis
756 959 906 1018 dictarum
918 961 1127 1037 Reliquiarum

78 1055 249 1128 inclusive,
279 1055 458 1130 quorumvis
486 1056 530 1114 eis
554 1056 693 1116 confiteri
729 1057 902 1135 volentium¹
919 1059 1127 1119 confessiones

78 1154 203 1226 audire,
216 1165 248 1212 et
256 1171 315 1229 pro
330 1153 511 1227 commissis,
528 1155 601 1212 dum
617 1167 718 1214 tamen
730 1155 803 1214 talia
817 1173 879 1215 non
893 1138 1015 1230 luerint,
1030 1175 1124 1234 prop-

79 1265 131 1312 ter
142 1269 214 1326 quae
229 1252 320 1310 sedes
332 1251 511 1326 Apostolica
525 1252 565 1310 sit
576 1251 684 1312 merito
700 1253 898 1326 consulenda,
906 1254 1052 1314 salutares
1066 1255 1128 1314 illis

78 1349 287 1430 poeuitentias
307 1349 477 1426 injungere,
493 1349 584 1408 etiam
602 1350 780 1426 Apostolica
798 1351 976 1410 auctoritate
997 1351 1127 1425 valeant,

79 1452 210 1526 plenam
226 1461 256 1506 et
268 1447 398 1506 liberam
406 1461 511 1506 tenore
524 1449 721 1522 praeseutium
730 1449 927 1508 concedimus
936 1461 1128 1524 potestatem.

81 1548 236 1606 Volentes
254 1545 358 1616 etiam,
371 1545 455 1622 quod
468 1545 664 1620 indulgentiae
680 1563 734 1622 per
752 1563 820 1618 nos,
836 1559 869 1604 ut
882 1545 1051 1622 prefertur,
1066 1559 1129 1606 tam

82 1643 291 1716 confirmate,
307 1661 398 1718 quam
418 1660 583 1715 concessae,
597 1655 697 1702 tractu
711 1643 856 1719 temporis
878 1661 941 1700 non
959 1643 1125 1720 exspirent.

84 1742 174 1799 Nulli
189 1759 275 1818 ergo,
286 1753 342 1798 etc.
360 1753 471 1799 nostrae
486 1739 739 1815 confirmationis,
759 1740 1000 1816 adprobationis,
1014 1739 1128 1812 statuti,

84 1838 306 1912 ordinationis,
330 1838 545 1910 innovationis,
565 1839 761 1914 extensionis,
777 1838 983 1911 relaxationis,
1003 1855 1130 1896 conces-

85 1937 186 1996 sionis
201 1949 233 1994 et
246 1935 414 1994 voluntatis
436 1935 599 2011 infringere
613 1948 670 1994 etc.
684 1935 716 1994 Si
732 1935 800 2010 quis
815 1949 872 1994 etc.
885 1937 995 1994 Datum
1011 1935 1128 2009 Romae,

86 2035 172 2110 apud
196 2035 327 2092 Sanctus
349 2033 524 2108 Apostolos,
545 2032 665 2108 [pridie]
694 2033 828 2092 secundo
859 2033 965 2093 Kalen.
981 2032 1128 2106 ianuarii,

87 2147 172 2188 anno
187 2141 310 2187 octavo.

185 2257 249 2324 [Ap.
269 2255 427 2320 Gretscrus,
446 2257 600 2325 syntagma
626 2255 661 2308 de
690 2255 720 2306 S.
743 2255 779 2308 R.
810 2255 932 2324 Imperii,
957 2255 1128 2324 lngolstadii,

153 2343 185 2397 Ε.
197 2343 392 2412 Angermaria,
411 2341 486 2410 1618,
500 2353 554 2411 pet.
571 2344 649 2410 in·4·,
664 2359 711 2412 pp.
730 2342 830 2411 26-34]

592 2570 638 2630 28.

131 2723 170 2782 Et
183 2723 295 2782 eodem
309 2739 390 2782 anno
405 2722 714 2799 (Mcccntcarolus
728 2721 891 2798 imperator
904 2723 1078 2799 praedictus,
1093 2725 1131 2782 de

94 2821 284 2898 Nureuburg
297 2821 329 2878 in
342 2839 429 2880 suam
438 2821 591 2880 civitatem
606 2823 789 2898 Pragensem
803 2823 956 2882 transtulit
969 2825 1131 2896 lanceam,

95 2936 156 2992 qua
181 2919 263 2978 latus
282 2918 406 2976 Domini
429 2919 524 2978 nostri
544 2919 574 2982 J.
600 2919 635 2976 C.
660 2919 716 2979 luit
738 2933 876 2996 apertum
895 2934 924 2980 et
942 2921 1131 2992 transfixum,

96 3015 187 3074 simul
196 3029 228 3075 et
238 3015 415 3074 bracchium
424 3017 563 3076 dextrum
573 3031 685 3078 sanctae
694 3018 888 3092 Crucis,cum
896 3019 991 3078 Clavo
999 3019 1133 3091 Domini,

97 3115 205 3173 Mensa
220 3113 346 3186 Christi,
368 3133 460 3190 quam
474 3115 581 3174 habuit
595 3115 626 3174 in
641 3117 748 3187 Coena,
763 3117 897 3192 gladium
912 3117 1015 3175 Caroli
1030 3116 1133 3191 Magni

97 3229 188 3287 quem
210 3211 326 3286 recepit
350 3213 387 3268 ab
406 3211 534 3286 Angelo,
555 3229 674 3270 necnon
704 3212 779 3270 alias
807 3213 951 3288 reliquias
975 3213 1132 3288 plurimas.

99 3309 159 3381 Qui
174 3309 307 3368 Carolus
321 3308 411 3367 etiarn
429 3327 447 3366 a
463 3327 532 3386 rege
552 3311 576 3366 F
579 3309 688 3368 ranciae
704 3309 836 3368 obtinuit
855 3311 973 3386 spinam
990 3329 1082 3368 unam
1097 3311 1134 3368 de

98 3408 224 3466 Corona
240 3406 374 3464 Domini.
391 3407 480 3464 Unde
490 3407 659 3482 promeruit
674 3425 691 3464 a
705 3425 784 3484 papa
798 3408 977 3468 innocentio
991 3410 1032 3465 Vl
1050 3408 1134 3482 (alias

98 3504 249 3580 Gregorio
272 3505 324 3578 XI)
349 3487 457 3562 iest'um
482 3504 548 3562 fieri
564 3522 619 3580 per
640 3517 739 3564 totum
760 3523 886 3582 regnum
908 3505 1078 3564 Almnnniae
1098 3507 1135 3564 de

98 3605 224 3663 Corona
246 3617 276 3662 et
301 3603 403 3662 Clavis
425 3602 558 3675 Domini,
577 3605 661 3678 quod
681 3603 851 3662 celebratur
869 3602 944 3662 feria
966 3615 1049 3660 sexta
1065 3615 1136 3678 post

99 3715 240 3762 octavam
254 3702 378 3761 Paschae
392 3720 460 3760 cum
473 3703 598 3778 proprio
609 3717 700 3763 cantu
715 3717 745 3762 et
755 3703 856 3762 officio
875 3703 989 3764 divino.

197 3829 312 3896 [Rerum
319 3830 549 3898 familiarumque
568 3831 747 3899 Belgicae-um
763 3829 916 3884 Chronicon
930 3829 1076 3898 Magnum,
1090 3845 1135 3896 ap.

164 3917 302 3972 Pistoriae
315 3919 408 3986 (son),
425 3918 526 3988 (1654),
544 3937 573 3988 p.
590 3921 663 3988 304]

599 4137 646 4194 29.

237 4267 403 4346 Transport
417 4269 452 4328 de
467 4269 497 4328 la
510 4271 607 4330 sainte
616 4271 715 4330 Lance
727 4271 745 4329 d
759 4271 893 4352 Progne.
907 4305 944 4317 -
961 4271 1056 4332 1350.

142 4391 207 4450 Nos
224 4391 409 4464 ludovicus,
421 4393 479 4452 Dei
494 4393 591 4470 gratia
613 4394 751 4456 Mstchio
767 4397 974 4474 Brandeburg.
995 4411 1025 4458 et
1047 4397 1137 4456 Luci-
