3130 5514
455 607 501 657 na
524 605 650 658 sarrrrrr
670 605 783 658 aanor
1073 609 1138 681 109

16 882 23 928 μ
91 839 660 915 cumhoequedamcruxmediocris,
668 839 792 900 sednon
799 841 920 902 modice
930 841 1063 918 vinutis,
1076 861 1137 920 que

91 951 216 1016 propter
236 959 350 1002 cauus
369 941 500 1000 inferius
518 953 680 1002 annotatas
698 941 810 1004 dicitur
828 943 1032 1020 triumphalis.
1058 945 1137 1006 Cum

93 1037 174 1096 enim
201 1037 280 1098 olim
306 1038 540 1100 invectissimus
567 1051 598 1100 et
622 1040 688 1099 Deo
714 1039 944 1117 acceptissimus
971 1043 1137 1119 imperator

94 1135 321 1196 Comuntinus
334 1154 371 1196 se
384 1137 521 1212 quadam
530 1136 599 1197 vice
612 1138 650 1198 ad
663 1137 856 1215 preliandum
867 1151 976 1200 contra
993 1142 1135 1202 incredu-

93 1233 141 1292 los
162 1247 361 1312 prepararet,
381 1248 414 1294 et
440 1235 480 1294 de
504 1251 668 1312 progressu
695 1253 753 1296 suo
777 1236 927 1298 sollicitus
948 1253 1132 1315 procuraret.

93 1332 198 1392 hum
212 1343 262 1392 est
273 1332 305 1392 ei
319 1350 339 1390 a
353 1331 490 1392 Domino
508 1345 626 1392 certum
639 1345 669 1394 et
683 1332 809 1394 omnino
829 1333 989 1396 infallibile
1008 1335 1136 1398 victorie

94 1445 130 1488 ac
142 1430 247 1490 luntre
262 1428 378 1488 salutis
390 1429 551 1504 indicium,
566 1429 639 1506 quia
653 1430 902 1493 manifestissime
918 1445 1076 1494 ostensum
1089 1445 1136 1496 eat

95 1527 123 1585 ei
135 1528 168 1586 in
181 1528 254 1586 celo
265 1527 522 1587 victoriosissime
535 1529 635 1588 crucis
649 1528 779 1605 signum,
794 1541 825 1588 et
838 1528 941 1590 statim
952 1547 1014 1590 vox
1026 1530 1135 1592 celitus

94 1625 223 1686 emissa'
233 1627 406 1686 subsecuta
418 1637 465 1686 est
478 1625 583 1686 dicens
592 1644 623 1686 :r
634 1625 669 1686 ln
678 1627 737 1686 hoc
748 1625 836 1704 signo
845 1627 1037 1688 vincensAd
1047 1630 1135 1704 cujus

96 1723 140 1782 rei
152 1725 370 1784 ostensionem
382 1737 413 1784 et
422 1724 563 1800 stupendi
577 1724 693 1784 orsculi
702 1723 853 1788 visionem
859 1725 987 1786 effectus
1000 1726 1136 1804 hylarion

97 1821 182 1880 miles
192 1821 325 1894 Christi,
335 1821 473 1882 hostium
482 1839 597 1880 cuneos
607 1838 733 1882 securus
743 1821 929 1900 aggreditur,
939 1841 975 1884 ac
984 1823 1135 1900 superatis

99 1921 142 1980 eis
152 1919 255 1981 victor
268 1921 303 1979 in
312 1937 390 1996 pace
404 1920 574 1980 revertitur.
586 1920 676 1980 Unde
689 1918 861 1980 factumest
874 1933 919 1995 ut,
934 1939 1003 1982 cum
1017 1921 1135 1984 multo'

99 2033 167 2096 post
187 2017 386 2078 sanctissima
404 2029 502 2078 meter
514 2018 580 2093 ejus
596 2017 714 2078 Helena
732 2019 771 2078 ad
786 2019 961 2080 habendum
981 2019 1135 2080 dominice

101 2117 197 2176 nucis
219 2115 369 2176 vexillum
390 2114 538 2174 hanelans
555 2115 786 2175 lherosolimam
800 2129 950 2194 pergeret,
969 2131 1000 2178 et
1019 2118 1052 2178 in
1075 2119 1135 2180 hoc

101 2231 299 2292 perseverans
323 2213 483 2289 proposito
509 2212 612 2272 divina
639 2230 706 2272 eam
736 2213 920 2274 revelatione
940 2215 1133 2292 repperisset,

102 2315 130 2372 in
142 2315 266 2392 signum
281 2327 313 2374 et
326 2314 506 2374 memoriam
515 2312 597 2372 dicte
608 2313 618 2346 ³
628 2313 756 2372 visionis
768 2325 799 2372 et
812 2330 955 2374 concesse
966 2331 984 2372 s
994 2315 1060 2374 Deo
1070 2314 1134 2374 vic·

101 2413 185 2486 toric,
204 2413 245 2472 de
268 2412 342 2472 loco
360 2411 411 2471 cui
435 2411 643 2472 sanctissimil
660 2411 780 2470 humeri
800 2411 967 2472 Salvatoris
989 2411 1022 2472 in
1044 2429 1134 2472 cruce

101 2511 261 2586 pendentis
289 2510 431 2586 impressi
458 2523 531 2570 sunt
551 2527 625 2568 crux
647 2510 786 2586 predicta
808 2508 904 2584 fieret,
923 2527 1016 2586 quarn
1035 2509 1133 2570 indito

102 2609 260 2683 vocabulo,
279 2608 370 2684 quasi
391 2625 447 2686 per
468 2608 622 2684 quandam
635 2607 902 2668 anthonomasiam
918 2607 1133 2684 triumphalem

103 2719 187 2783 etque
198 2706 360 2767 victricem
370 2718 566 2780 vocaverunt,
578 2723 614 2764 ac
627 2705 771 2782 deinceps
784 2706 985 2782 procedentes
1000 2705 1040 2764 ad
1054 2704 1134 2764 bella

102 2803 299 2881 imperatores
323 2821 393 2864 eam
416 2803 610 2864 successione
631 2817 780 2881 perpetua
803 2805 859 2864 sub
887 2820 942 2879 spe
966 2801 1133 2878 optinende

101 2905 222 2964 victorie
231 2921 340 2964 secum
351 2903 430 2962 ferre
443 2915 677 2964 consueverunt.
688 2902 763 2962 Erat
773 2913 912 2978 preterea
919 2900 953 2960 in
966 2899 1048 2960 dicta
1057 2900 1133 2960 orbe

102 3001 441 3078 constantinopolitana
463 3000 630 3078 imperialis
653 2999 708 3060 illa
731 2999 846 3075 trabea,
874 2998 967 3060 vestis
991 2996 1133 3058 videlicet

100 3099 252 3174 coccinea,
266 3117 341 3176 qua,
354 3100 439 3175 justa
454 3098 638 3177 evangelice
651 3097 787 3160 veritatis
801 3098 922 3172 seriem,
936 3095 1049 3158 milites
1062 3095 1132 3156 illu·

99 3197 201 3258 dentes
214 3198 386 3258 induerunt
404 3197 578 3271 Dominum,
599 3197 819 3273 exprobrantes
837 3194 866 3254 ei
880 3194 965 3271 quod
983 3211 1017 3254 ae
1030 3211 1132 3270 regem

97 3295 207 3358 lactet
218 3298 402 3370 iudeorum,
417 3297 471 3374 qui
484 3297 697 3358 universorum
714 3294 848 3354 habebat
869 3291 1041 3370 imperium.
1058 3293 1132 3352 Erat

94 3409 124 3454 et
136 3395 258 3454 arundo
272 3394 414 3472 preciosa
427 3411 519 3471 quam
532 3394 565 3454 in
579 3395 645 3470 ejus
658 3404 826 3470 posuerunt
849 3391 955 3450 dmns
966 3391 1000 3450 in
1021 3389 1131 3469 sceptri

94 3492 341 3566 similitudinem,
367 3509 422 3569 per
445 3493 505 3552 hoc
528 3491 750 3568 vilipendentes
775 3489 844 3566 ejus
862 3487 1047 3564 potenciam,
1078 3489 1131 3565 qui

93 3589 229 3650 hahebat
241 3590 382 3650 omnium
396 3589 612 3650 monarchiam.
627 3590 702 3648 Errt
715 3589 798 3648 etde
812 3585 939 3662 spongia
951 3602 1011 3662 que
1026 3585 1131 3646 Solva·

91 3689 153 3746 tori
166 3689 200 3748 in
211 3705 305 3748 cruce
315 3687 443 3748 salutem
455 3701 590 3748 nostram
600 3685 716 3748 sitienti
727 3685 785 3746 fuir
794 3697 947 3762 porrecta,
955 3701 1019 3744 uon
1032 3683 1129 3760 optati

92 3800 186 3860 potus
212 3787 410 3848 reiecdonenr
429 3787 595 3864 preferens,
617 3788 672 3848 sed
696 3785 774 3848 aceti
794 3802 857 3861 qno
879 3783 1007 3843 intincta
1031 3779 1130 3842 inerat

95 3885 272 3944 acredinem
284 3897 505 3961 representans.
525 3885 598 3944 Erat
613 3897 642 3943 et
655 3901 726 3960 pars
741 3882 872 3959 quedam
886 3880 1001 3940 sudarii
1022 3897 1084 3956 quo
1096 3879 1129 3938 in

95 3983 237 4058 sepulcro
250 3983 386 4060 positum
397 3999 509 4059 corpus
524 3981 638 4041 Christi
653 3981 834 4041 obvolutum
847 3979 914 4040 luit.
928 3980 1003 4038 Erat
1016 3989 1046 4038 et
1059 3993 1128 4053 pre-

97 4077 215 4140 ciosum
234 4079 384 4140 lintheum
407 4097 470 4156 quo
490 4079 662 4156 precinctus
685 4078 717 4140 in
738 4095 814 4138 cena
828 4075 989 4152 Dominus,
1002 4086 1128 4152 peracto

137 4307 158 4344 ι.
170 4293 257 4359 Prion,
267 4311 280 4345 a
290 4294 379 4350 missa
392 4313 418 4346 a.
684 4291 710 4346 3.
724 4290 877 4346 Dominlce
895 4287 1095 4360 [charlevillel.

136 4381 408 4452 a.l'ol.174r·,col.
423 4395 450 4434 a.
682 4395 709 4446 4.
726 4379 912 4436 mancini
923 4375 1125 4448 [Charleville].
