2924 5364
377 531 443 604 108
555 549 666 604 noras
689 549 735 600 nr
756 533 888 600 munna
909 532 1222 611 nonantocmnrs

370 770 580 847 sollempniter
592 769 736 843 ostensis,
748 768 828 828 lacta
848 768 933 829 verbi
955 767 1165 845 predicatione
1181 782 1212 829 at
1226 768 1410 846 consignato

368 871 485 947 populo
500 870 660 947 signaculo
668 880 773 928 sancte
787 868 905 940 Crucis,
916 868 1048 944 dataque
1057 869 1097 927 ab
1108 868 1282 928 astantibus
1292 869 1411 946 episco-

368 969 417 1044 pis
431 968 631 1044 indulgentia,
646 985 717 1026 cum
736 967 886 1043 applausu
904 966 1000 1024 nimio
1018 980 1082 1026 tam
1101 967 1176 1026 cleri
1191 985 1288 1043 quam
1300 967 1409 1044 populi

368 1066 618 1142 laudeaundique
632 1065 838 1138 acclamantis,
848 1064 929 1124 idem
938 1082 991 1123 rex
1002 1066 1096 1141 pedes
1106 1066 1266 1140 incedens,
1276 1065 1408 1124 nudam·

368 1181 428 1240 que
452 1181 573 1223 crucem
587 1163 619 1222 in
633 1163 775 1221 manibus
799 1162 863 1220 suis
885 1175 1018 1239 gestans,
1041 1163 1194 1222 civitatem
1209 1163 1363 1237 introivit,
1378 1177 1408 1223 ct

368 1261 413 1320 sic
427 1277 525 1336 usque
539 1261 578 1319 ad
592 1259 693 1336 regale
707 1259 853 1336 palatium
868 1259 1004 1334 veniens,
1020 1260 1118 1335 ipsam
1132 1273 1315 1337 ceterasque
1330 1279 1407 1337 quas

366 1360 554 1437 prediximus
569 1360 714 1435 reliquias
728 1377 799 1417 cum
813 1359 937 1416 Corona
951 1357 1106 1416 dominica
1119 1357 1292 1419 honorifice
1306 1360 1406 1420 collo·

367 1457 448 1518 cavit
461 1475 543 1517 anno
558 1456 706 1517 incarnati
720 1456 814 1515 Verbi
829 1457 884 1514 Mt.
901 1456 974 1514 CC⁰.
991 1457 1084 1514 XLI⁰.

402 1557 482 1616 Ecce
501 1557 586 1631 quod
609 1555 686 1628 fieri,
705 1566 739 1614 ut
759 1554 875 1613 dictum
898 1568 954 1626 est,
970 1572 1025 1630 per
1044 1555 1200 1631 predictos
1217 1554 1330 1615 iratres
1344 1556 1405 1616 Mi·

365 1671 457 1713 nores
481 1671 533 1714 rex
546 1654 685 1712 consulte
705 1653 877 1728 proposuit,
898 1653 1048 1712 Dominus
1071 1672 1125 1729 per
1139 1654 1215 1712 alios
1232 1654 1406 1714 consultius

364 1750 550 1827 procuravit,
575 1751 661 1826 quasi
685 1768 739 1826 per
762 1751 821 1808 boc
845 1750 1040 1808 occasionem
1061 1764 1202 1826 quereret
1225 1763 1260 1810 ut
1286 1752 1406 1812 eisdem

364 1848 508 1908 iratribus
524 1848 729 1906 mediantibus
739 1847 886 1922 largitatis
900 1865 954 1905 sue
966 1848 1157 1924 magnalibus
1169 1848 1287 1908 dictum
1300 1868 1405 1926 regem

365 1945 1405 2022 ammwmmmmmmwmnwwm

363 2043 558 2120 preconcessi
569 2062 639 2102 eum
648 2044 681 2101 in
690 2044 795 2119 aliquo
809 2042 1012 2102 defraudaret.
1025 2044 1104 2100 Nam
1119 2062 1189 2101 cum
1203 2044 1277 2104 dicti
1291 2045 1405 2106 fratres

364 2143 464 2202 adhuc
477 2159 532 2216 per
545 2143 710 2217 quingenta
724 2141 854 2199 miliaria
866 2154 896 2200 et
909 2159 945 2199 eo
961 2141 1091 2216 amplius
1106 2142 1206 2200 adhuc
1217 2159 1235 2200 a
1246 2143 1404 2203 Constan-

363 2239 566 2316 tinopolitana
580 2241 655 2298 urbe
670 2239 827 2311 distantes,
836 2252 946 2297 cuncta
961 2257 1020 2314 que
1035 2240 1116 2298 circa
1130 2240 1210 2298 dicte
1219 2240 1330 2300 Crucis
1345 2260 1404 2318 pro

363 2357 424 2415 qua
446 2339 588 2398 destinati
612 2351 699 2398 erant
726 2339 886 2415 negocium
907 2352 992 2414 gesta
1019 2349 1116 2408 erant,
1140 2350 1223 2396 certa
1250 2337 1404 2398 relatione

361 2436 482 2512 plenius
500 2435 689 2508 didicissent,
710 2436 850 2494 invocata
871 2435 1026 2493 humiliter
1044 2434 1147 2493 divine
1160 2434 1403 2509 dispensationis

361 2534 468 2611 gratia,
484 2535 653 2594 deliberato
669 2534 748 2593 inter
761 2550 794 2592 se
815 2533 889 2608 quid
911 2546 1045 2608 agerent,
1059 2549 1254 2607 nequaquam
1270 2549 1288 2590 a
1308 2546 1403 2608 cepto

361 2632 470 2693 itinere
484 2633 666 2692 destiterunt
681 2634 702 2704 ¹,
717 2633 770 2690 sed
791 2644 945 2690 annuente
958 2649 995 2688 eo
1010 2630 1062 2706 qui
1077 2629 1110 2688 in
1123 2628 1260 2687 consiliis
1281 2631 1404 2692 habitat

362 2742 392 2788 et
407 2729 557 2788 eruditis¹
578 2731 704 2788 interest
727 2729 976 2805 cogitationibus,
992 2730 1030 2787 ad
1050 2729 1243 2802 procuranda
1257 2728 1318 2788 alia
1340 2748 1404 2806 que

361 2826 461 2885 adhuc
474 2826 744 2901 Constantinopoli
759 2844 826 2885 esse
847 2827 1006 2885 audierant
1025 2843 1092 2884 sese
1110 2825 1238 2884 viriliter
1251 2826 1403 2887 incitave-

361 2936 441 2995 runt,
457 2935 487 2981 et
502 2923 545 2981 sic
560 2923 591 2980 in
607 2923 739 2981 Domino
758 2923 877 2996 confisi,
893 2924 961 2998 ipso
981 2925 1066 2993 duce,
1084 2924 1123 2982 ad
1139 2924 1268 2981 eandem
1288 2926 1403 2984 urbem

360 3039 423 3078 non
445 3020 540 3079 multo
561 3021 721 3096 interjecto
736 3035 872 3096 tempore
895 3036 1110 3097 pervenerunt.
1127 3023 1222 3079 Erant
1236 3034 1342 3079 autem
1356 3022 1402 3081 ibi

359 3131 432 3176 tunc
446 3118 592 3193 temporis
608 3120 665 3176 sub
679 3119 752 3177 dicti
767 3119 959 3194 imperatoris
972 3120 1108 3177 dominio
1120 3119 1264 3195 specialia
1278 3119 1403 3194 passio·

359 3217 407 3274 nis
430 3215 543 3274 Christi
568 3217 708 3291 insignia,
731 3216 815 3273 omni
839 3234 913 3273 auro
935 3230 964 3275 et
987 3229 1111 3292 argento
1130 3216 1329 3291 preciosiora,
1343 3235 1403 3293 pro

359 3312 474 3387 argenti
499 3327 564 3372 turn
590 3313 739 3372 immenso
755 3313 858 3388 precio
878 3315 961 3388 quod
986 3332 1042 3388 pro
1070 3314 1190 3389 imperii
1217 3313 1400 3373 defensione

359 3428 526 3486 expensum
547 3411 645 3470 iuerat
660 3411 805 3486 obligata.
826 3412 893 3480 Que
916 3411 973 3469 etsi
995 3429 1053 3486 pro
1074 3411 1212 3488 ipsorum
1226 3413 1400 3474 reverentia

358 3509 485 3586 pollutis
503 3509 593 3569 labiis
608 3508 726 3585 indigni
741 3508 846 3580 simus,
862 3508 902 3566 ad
920 3508 1058 3584 ipsorum
1077 3523 1179 3567 tamen
1198 3512 1400 3570 reverendam

358 3608 537 3667 memoriam
559 3607 690 3683 posteris
716 3605 929 3680 exhibendam,
951 3624 987 3665 ea
1008 3606 1185 3683 singillatim
1209 3620 1240 3667 et
1263 3609 1400 3670 breviter

357 3707 605 3783 perstringemus.

390 3803 513 3862 Eratibi
521 3803 775 3879 gloriosissimum
785 3803 904 3862 Lancea
912 3803 1025 3862 ferrum
1036 3804 1179 3863 omnibus
1188 3806 1397 3882 tremendum,

358 3901 502 3960 omnibus
525 3902 735 3972 reverendum,
749 3901 781 3959 in
803 3902 917 3961 Christi
935 3903 1027 3961 latere
1047 3915 1270 3976 consecratum,
1286 3904 1398 3964 imma·

357 3999 450 4057 culati
462 3998 531 4074 agni
542 3998 689 4072 sanguine
700 3999 898 4074 rubricatum,
909 4018 970 4076 quo
981 4000 1077 4075 ipsius
1087 3999 1119 4057 in
1130 4018 1220 4060 cruce
1232 4003 1397 4078 pendentis

356 4099 450 4157 latere
467 4098 631 4173 perforato,
649 4100 867 4175 redemptionis
890 4101 1022 4160 humane
1041 4100 1135 4159 exivit
1152 4101 1300 4175 precium.
1320 4101 1395 4160 Erat

390 4335 411 4371 1.
425 4318 484 4371 Fol.
502 4318 550 4386 173
562 4328 591 4370 v·
604 4319 656 4371 col.
675 4320 705 4371 b.
946 4337 973 4375 a.
988 4322 1068 4374 Prov.
1081 4321 1154 4386 Vlll,
1173 4335 1213 4374 ra.
