3134 5606
445 605 512 676 362
634 625 744 676 sorae
767 623 811 676 ιτ
832 609 963 676 *ronne
985 612 1291 687 ncrmonocronns

480 881 495 916 ι
512 861 615 922 Unum
629 861 781 938 reliquere
799 860 905 922 nobile
924 871 956 920 es
976 861 1150 937 preciosum
1163 863 1203 924 de
1214 880 1291 926 auro
1304 875 1338 924 et
1351 873 1491 940 argento

445 969 536 1035 etque
549 959 677 1036 gemmis
690 957 929 1018 condecentibus
941 972 1083 1020 ornatum
1097 972 1128 1020 et
1141 961 1355 1038 composinrrn,
1370 961 1408 1020 in
1422 977 1489 1037 quo

445 1069 534 1118 estet
551 1056 719 1116 honorilice
742 1056 889 1116 collocata
907 1075 969 1116 una
990 1057 1028 1116 de
1051 1059 1158 1135 spinis,
1173 1077 1242 1136 quac
1265 1058 1322 1118 fuit
1337 1059 1490 1136 apposita

445 1154 576 1212 Coronae
598 1154 712 1229 spineae
736 1153 831 1212 nostri
861 1155 1084 1230 Redemptoris,
1112 1174 1203 1232 quam
1226 1157 1363 1233 spineam
1386 1157 1487 1218 etiarn

444 1349 573 1408 ecclesia
587 1349 798 1408 venerandam.
813 1369 827 1404 s

484 1505 514 1565 A
535 1501 661 1566 l’annee
687 1521 780 1585 1411,
804 1501 855 1566 M.
889 1501 930 1566 de
951 1501 1057 1586 Farcy
1080 1521 1099 1567 a
1126 1502 1302 1568 deeouvert
1324 1503 1411 1568 dans
1434 1503 1486 1568 lec

446 1609 533 1674 Mss.
559 1608 600 1672 de
613 1607 646 1674 la
660 1607 821 1692 fabrique,
837 1608 869 1674 la
882 1609 1084 1694 description
1098 1610 1144 1674 du
1159 1607 1333 1692 reliquaire
1352 1607 1374 1672 ¹.

482 1789 495 1822 1
521 1769 597 1826 item
612 1765 763 1842 reliquere
781 1785 838 1842 pro
857 1779 962 1826 sancta
975 1767 1069 1844 Spina
1087 1769 1125 1827 de
1139 1779 1262 1844 argento
1278 1767 1429 1826 deaurato
1441 1765 1483 1824 ad

446 1883 529 1924 erma
544 1865 796 1924 Castrofronrond
817 1865 848 1924 in
872 1878 1003 1941 quatuor
1022 1867 1117 1926 scutis
1133 1867 1164 1924 in
1176 1867 1264 1943 pede,
1277 1865 1308 1924 in
1327 1883 1391 1941 quo
1407 1877 1483 1924 sunt

448 1965 482 2021 L.
502 1963 619 2040 lapides
630 1975 660 2022 et
674 1963 741 2021 XX.
752 1963 854 2040 perlae
868 1975 898 2021 et
910 1963 1041 2040 desuper
1056 1965 1161 2041 Spina,
1177 1965 1216 2023 ad
1226 1964 1315 2036 intra,
1325 1976 1373 2022 est
1386 1979 1481 2022 coro·

446 2061 530 2120 natio
540 2061 674 2138 Virginis
689 2063 843 2138 gloriosae.
860 2081 874 2116 1

486 2213 525 2277 C.
544 2213 634 2292 Port,
646 2213 728 2278 dans
742 2231 804 2278 son
815 2212 1047 2280 Dictionnaire
1060 2211 1243 2297 histor-ique
1253 2211 1481 2298 etbibliogra-

444 2317 567 2404 piique
588 2319 629 2384 de
656 2318 938 2386 Maioma-loire
960 2319 982 2399 ¹,
1003 2339 1088 2384 nous
1111 2321 1222 2384 donne
1253 2319 1285 2384 la
1321 2319 1395 2384 licre
1419 2318 1479 2382 des

445 2424 561 2490 hautes
574 2425 710 2510 charges
723 2430 885 2512 occupees
896 2445 954 2510 par
967 2425 1076 2489 Pierre
1089 2425 1234 2503 d'Avoir‚
1246 2425 1316 2509 qui,
1326 2445 1367 2488 en
1383 2423 1477 2498 1368,

445 2531 573 2614 prenait
593 2531 641 2596 les
655 2531 747 2596 titres
769 2533 810 2598 de
833 2553 851 2596 a
876 2533 947 2600 Sire
966 2535 1006 2597 de
1025 2531 1363 2598 Chateau·Fromond
1384 2547 1414 2596 et
1435 2531 1477 2594 de

444 2637 559 2716 Versa,
582 2637 792 2704 chambellan
821 2641 862 2705 de
892 2643 958 2705 tres
981 2641 1065 2704 bauz
1092 2654 1122 2702 et
1147 2637 1313 2704 excellens
1346 2637 1478 2721 princes

444 2744 654 2829 l'Empereur
666 2745 707 2810 de
723 2745 841 2826 Rome,
857 2745 887 2809 le
902 2746 952 2810 roi
967 2747 1007 2810 de
1024 2745 1148 2810 Franco
1163 2759 1274 2808 nostre
1298 2743 1362 2808 sire
1377 2759 1410 2808 et
1437 2745 1476 2806 de

447 2853 683 2936 Monscigneur
699 2853 825 2938 Louys,
841 2852 894 2918 fils
908 2853 953 2918 du
971 2853 1035 2918 Roi
1060 2853 1101 2916 de
1117 2851 1241 2917 France
1257 2875 1288 2915 1.
1309 2851 1362 2914 lin
1384 2851 1477 2923 1382,

446 2959 476 3022 le
492 2977 532 3042 ²9
544 2959 621 3036 mai,
633 2959 657 3023 il
672 2939 749 3024 etrait¹
763 2960 937 3024 autorisei
950 2979 984 3024 se
996 2957 1146 3044 qualifier
1160 2981 1177 3018 a
1191 2957 1374 3022 lieutenant
1384 2961 1478 3042 gene·

445 3063 549 3128 raldo
565 3065 640 3148 Mgr
652 3063 682 3128 le
707 3065 818 3128 ducet
843 3065 883 3130 de
899 3065 972 3130 Mn·
997 3065 1029 3129 la
1042 3063 1203 3129 duchesse
1216 3063 1267 3140 ⁸»,
1283 3064 1375 3128 tiares
1398 3063 1477 3147 qu'il

445 3168 606 3234 curnulait
619 3189 696 3234 avec
711 3190 793 3235 ceux
805 3171 845 3235 de
860 3171 1012 3236 senechal
1026 3187 1057 3236 et
1066 3171 1106 3235 de
1121 3169 1283 3235 chitelsin
1297 3171 1473 3255 d’Angers.

448 3275 476 3340 ll
489 3291 625 3341 mourut
639 3295 680 3340 en
701 3279 794 3360 1390,
811 3291 842 3342 et
857 3277 907 3342 fut
921 3275 1047 3341 enterre
1070 3277 1373 3356 isaim-Maurice,
1397 3278 1478 3343 dana

446 3383 639 3468 lachapelle
653 3385 711 3450 des
725 3388 880 3470 eveques.

486 3491 575 3556 C'est
598 3511 640 3556 en
661 3493 737 3558 vain
762 3513 828 3577 que
857 3495 905 3558 M.
931 3493 972 3556 de
997 3493 1101 3578 Farcy
1126 3513 1145 3558 a
1170 3493 1237 3577 pris
1263 3493 1296 3556 la
1318 3490 1414 3576 peine
1439 3491 1478 3554 de

421 3679 424 3687 Ι
446 3596 639 3662 rechercher
662 3598 710 3663 les
735 3599 881 3684 origines
904 3600 945 3662 de
971 3615 1052 3664 cette
1076 3600 1217 3684 relique.
1257 3599 1313 3664 On
1344 3596 1479 3682 pousait

446 3703 587 3789 caperer,
603 3723 644 3768 en
667 3705 780 3771 raison
808 3707 865 3770 des
890 3705 1006 3770 hautes
1031 3707 1198 3770 fonctions
1236 3709 1398 3790 occupees
1421 3721 1479 3788 par

447 3810 557 3874 Pierre
571 3811 719 3892 d’Avoir,
736 3811 817 3896 qu’il
830 3813 927 3877 serait
941 3813 1087 3898 possible
1097 3814 1138 3877 de
1151 3827 1320 3878 retrourer
1333 3812 1416 3875 dans
1433 3829 1477 3876 un

446 3915 627 3982 inventaire
640 3919 732 4002 royal
747 3919 780 3982 la
793 3933 881 3985 hace
902 3921 943 3984 de
963 3941 1000 3984 ce
1023 3919 1219 4004 reliquaire;
1236 3918 1330 3996 mais,
1347 3919 1382 3982 ni
1397 3918 1479 3981 dans

445 4021 649 4088 l’inrentaire
665 4025 705 4088 de
731 4024 836 4090 Louis
858 4025 998 4109 d’llnjou
1023 4026 1144 4110 (1364),
1167 4025 1202 4090 ni
1225 4027 1308 4091 dans
1332 4023 1419 4089 celui
1440 4024 1478 4087 de

448 4127 587 4194 Charles
607 4131 773 4216 volbo),
788 4132 813 4197 il
837 4133 913 4198 n'en
926 4147 975 4198 eat
989 4133 1155 4216 question.

482 4327 505 4366 1.
518 4313 604 4381 loia„
616 4329 643 4382 p.
659 4315 718 4383 188,
732 4333 760 4372 11.
1037 4315 1062 4370 3.
1080 4317 1165 4370 lonis
1188 4316 1210 4381 1,
1231 4316 1285 4370 due
1311 4315 1431 4384 d'hnjou
1452 4325 1478 4370 ct

480 4415 509 4456 ι.
524 4401 560 4454 Τ.
579 4403 600 4467 1,
616 4417 644 4471 p.
662 4417 721 4470 ¹7¹·
1004 4405 1091 4460 Marie
1103 4407 1138 4460 de
1150 4405 1235 4460 Blolc.
