3128 5532
415 644 460 694 tn
483 643 605 694 suurn
627 623 817 696 courouur'
1066 626 1128 700 185

101 882 261 950 anterieur
274 901 318 948 eu
340 895 401 947 ιιι·
424 881 542 962 εἰὲο1ο;
562 882 595 947 la
614 884 842 951 concordnnce
863 901 954 952 entre
976 887 1009 952 ln
1022 887 1132 972 palio·

101 991 232 1077 grrphie
246 1007 280 1055 et
293 989 527 1075 l'archeologie
540 1005 589 1056 est
602 989 646 1054 ici
660 991 808 1075 perlaite.

142 1099 170 1163 ll
183 1118 224 1162 en
238 1117 311 1162 sera
323 1098 365 1162 de
384 1101 503 1175 meme,
526 1097 608 1162 mais
626 1097 714 1162 alors
725 1117 811 1182 pour
830 1097 861 1163 le
884 1099 984 1164 motii
1001 1099 1133 1165 absolu·

103 1221 190 1271 ment
202 1204 383 1284 contraire,
396 1204 442 1268 du
455 1204 556 1269 Liber
567 1205 609 1270 de
624 1204 864 1271 Constitutione
886 1206 927 1271 de
943 1207 1130 1289 charroux,

105 1313 160 1396 qui
181 1333 201 1378 a
220 1313 377 1396 toujoura
399 1313 449 1376 ite
469 1310 603 1396 regnrdi
625 1330 754 1377 comme
773 1312 885 1378 dntnnt
907 1312 1133 1398 paliographi·

104 1437 261 1506 quement
273 1424 320 1487 du
330 1430 389 1486 ιιι·
402 1419 511 1486 siecle.
529 1421 558 1486 ll
570 1419 716 1486 contient
727 1439 768 1484 en
781 1419 854 1484 effet
868 1441 914 1485 un
927 1440 1018 1486 assez
1031 1420 1135 1504 grand

105 1530 244 1593 nombre
267 1529 308 1592 de
330 1547 385 1592 ces
407 1527 549 1612 reliques
569 1525 885 1592 lnvraisemblsbles.
911 1525 999 1591 C'est
1013 1525 1063 1590 lui
1078 1524 1136 1611 qui

106 1634 240 1718 pretend
271 1653 359 1698 nous
386 1633 465 1698 lixer
483 1653 540 1698 sur
559 1633 591 1697 le
621 1651 691 1700 sort
709 1637 766 1702 des
789 1637 903 1722 epines
933 1639 1095 1718 envoyees
1118 1632 1138 1696 h

108 1741 348 1825 Chnrlemegne
362 1759 421 1824 par
438 1741 469 1804 le
482 1739 666 1825 patriarche
681 1743 722 1806 de
734 1743 751 1807 J
755 1743 929 1808 erusnlem.

146 1848 175 1912 ll
202 1862 358 1932 rapporte
377 1847 475 1932 qu’en
498 1868 573 1931 799,
599 1850 841 1938 Charlemagne
869 1857 957 1918 etant
982 1847 1141 1916 illis-la·

109 1953 279 2038 chapelle,
307 1945 403 2034 requi
424 1956 469 2018 du
496 1954 679 2038 patriarche
707 1960 750 2024 ‘de
775 1959 968 2039 Jerusalem,
1004 1959 1139 2022 nomme

108 2061 269 2140 Thomas,
289 2078 349 2144 par
371 2059 652 2145 engelramus,
672 2080 704 2130 et
719 2065 822 2142 Felix,
847 2065 959 2132 moine
982 2067 1028 2130 du
1043 2067 1140 2130 Mont

109 2169 165 2232 des
181 2167 338 2245 Oliviers,
363 2167 404 2230 de
424 2168 639 2234 nombreuses
659 2171 814 2256 reliques,
838 2187 870 2236 et
883 2171 964 2256 qu’il
978 2173 1026 2237 les
1043 2171 1140 2236 remit

109 2293 150 2338 au
169 2288 279 2338 comte
303 2273 424 2358 Roger,
444 2292 652 2357 gouverneur
671 2276 712 2340 de
738 2278 912 2363 Limoges;
935 2278 1069 2344 celui-cl
1092 2277 1139 2342 les

110 2379 197 2445 offrir
211 2400 255 2444 nu
276 2379 460 2444 monestere
484 2381 526 2444 de
549 2381 723 2448 Charroux
749 2383 831 2448 dont
854 2384 878 2449 ll
891 2385 969 2451 etait
982 2385 1013 2449 le
1027 2383 1142 2450 londa·

110 2503 181 2552 teur
195 2485 217 2552 ¹.
234 2487 278 2552 Et
290 2505 345 2550 ces
366 2485 509 2570 reliques
526 2486 646 2554 etaient
659 2488 707 2554 les
720 2488 908 2556 salvantes:

145 2683 222 2742 «De
250 2680 352 2740 radice
372 2681 466 2742 lllicis
487 2683 634 2754 Manbrte,
658 2683 713 2742 uhi
730 2684 880 2746 Dominus
902 2685 935 2746 in
948 2683 1045 2762 figure
1070 2682 1140 2742 Tri-

113 2779 214 2838 nitatis
228 2778 349 2838 locutus
362 2791 408 2838 est
419 2780 561 2840 Abrahae.
577 2782 622 2840 De
634 2781 783 2858 presepio
795 2783 811 2842 J
815 2800 869 2840 esu
882 2781 1006 2842 Christi.
1023 2784 1067 2842 De
1085 2781 1141 2840 tri-

113 2877 173 2936 tico
186 2895 279 2954 quem
292 2876 432 2936 Chrisms
445 2877 508 2938 suis
518 2878 659 2938 manibus
672 2879 841 2939 seminavit.
856 2880 900 2938 De
912 2879 1005 2938 ramis
1019 2892 1049 2940 et
1058 2878 1140 2938 loliis

113 2976 341 3034 oliverumcum
354 2975 465 3051 quibus
477 2975 676 3036 obviaverunt
685 2977 817 3036 Domino
830 2977 917 3052 pueri
928 2978 1141 3036 Hebraeorum.

116 3073 158 3132 De
172 3072 296 3132 vinculo
316 3071 454 3148 corrigite
473 3089 535 3149 quo
550 3072 700 3131 Dominus
724 3073 782 3132 init
801 3074 921 3134 vinctus
935 3076 974 3134 ad
986 3075 1143 3150 flagellan-

116 3171 196 3232 dum.
217 3171 263 3228 De
287 3168 467 3232 vestimento
493 3180 524 3226 et
545 3167 650 3227 tunica
677 3179 708 3228 et
731 3169 826 3246 pallio
848 3171 921 3230 lesu
940 3171 1065 3230 Christi.
1098 3173 1143 3230 De

116 3271 219 3347 spinea
241 3287 357 3330 corona
384 3267 521 3330 Domini.
551 3269 596 3327 De
623 3268 707 3346 ligno
730 3282 842 3328 sanctae
871 3269 978 3328 Crucis
1005 3271 1145 3348 portiun-

117 3371 191 3428 erue
209 3371 279 3430 ΧΗ.
294 3370 339 3427 De
360 3365 488 3444 spongia
501 3365 548 3424 ori
562 3366 627 3441 ejus
642 3367 746 3426 oblata
760 3379 789 3426 et
810 3367 848 3426 de
862 3367 1011 3427 arundine
1030 3367 1062 3427 in
1085 3385 1146 3445 qua

117 3465 171 3528 luit
187 3466 406 3543 circumligata.
425 3467 471 3524 De
483 3465 607 3524 sudario
622 3465 705 3542 quod
720 3465 778 3524 luit
796 3483 886 3542 super
900 3479 991 3542 caput
1001 3467 1086 3528 lesu.
1108 3467 1147 3526 Et

118 3565 155 3624 tle
175 3565 340 3642 sepulchro
364 3563 430 3638 ejus
451 3563 652 3622 abundanter.
676 3563 721 3621 De
743 3563 924 3622 infractione
943 3563 1032 3638 panis
1055 3579 1147 3640 quern

120 3659 267 3720 Dominus
276 3658 361 3718 dedit
368 3657 527 3735 discipulis
542 3659 615 3720 suis.
633 3661 678 3720 De
691 3661 880 3721 vestimentis
899 3674 1013 3721 snnctae
1028 3661 1145 3720 Mariae.

121 3756 196 3817 Ossa
209 3758 438 3818 Innocentibus.
453 3758 498 3817 De
513 3757 659 3834 sunguine
678 3757 775 3818 suncti
788 3759 935 3836 Stephani
955 3771 1017 3821 tres
1036 3757 1147 3836 portio-

121 3872 173 3916 nes
186 3857 325 3934 grandes.
343 3877 357 3912 s

160 4061 274 4148 Cequi
284 4077 333 4128 est
342 4063 407 4128 tres
416 4061 610 4128 interessent
623 4061 706 4128 dans
716 4081 753 4126 ce
771 4061 893 4128 second
911 4061 999 4142 tecit,
1016 4059 1094 4127 c'est
1107 4063 1148 4128 de

123 4168 191 4236 roir
204 4169 246 4250 ll,
257 4189 343 4256 pour
353 4169 386 4236 la
398 4169 559 4256 premiere
573 4169 648 4252 lois,
664 4169 712 4235 les
732 4175 874 4255 envoyes
887 4171 932 4236 du
948 4169 1147 4252 Patriarche,

158 4421 180 4462 r.
195 4407 264 4464 Donr
278 4408 416 4479 Donqnet,
430 4407 507 4464 titur.
520 4409 569 4465 dat
583 4409 697 4477 Gruter,
711 4417 731 4464 t.
745 4409 779 4476 V,
796 4423 825 4478 p.
838 4422 902 4477 42r.
