3130 5514
451 641 494 688 aa
518 639 640 688 sature
663 641 775 690 rauca
1068 627 1130 718 ¹37

78 759 1134 786 ——n———W‘ffl'Q-——n

78 888 189 949 mam
202 885 418 962 approbamus,
432 887 599 938 statuentes
619 876 816 937 nibilominus
835 879 1082 958 irrefragabiliter
1103 899 1134 946 et

80 987 190 1048 etiam
211 982 390 1042 ordinantes
413 977 496 1054 quod
519 975 631 1034 amodo
649 975 796 1052 Reliquiae
820 989 850 1036 ct
868 977 998 1056 insignia
1017 981 1081 1057 ipsa
1102 983 1134 1042 in

79 1084 203 1144 eadem
214 1081 336 1140 civitate
343 1089 491 1154 perpetuo
505 1073 718 1133 venerabiliter
738 1089 956 1136 conserventur
972 1095 978 1135 :
995 1079 1036 1138 ita
1050 1083 1134 1158 quod

83 1181 282 1244 omnimodae
298 1193 450 1254 personae,
466 1191 518 1234 seu
538 1173 748 1232 communitati
765 1175 811 1234 vel
831 1178 1059 1254 congregationi
1081 1195 1135 1242 aut

82 1279 239 1358 potestati
254 1277 393 1346 cuilibet,
412 1274 556 1350 reliquias
568 1287 598 1332 et
612 1273 742 1350 insignia
757 1274 823 1350 ipsa
837 1289 920 1336 extra
934 1277 1045 1338 dictam
1060 1279 1135 1340 civi·

84 1391 199 1448 tatem,
215 1375 276 1434 nisi
288 1374 427 1445 forsitan,
443 1373 525 1448 quod
544 1374 626 1430 Deus
641 1385 765 1446 avertat,
781 1375 970 1452 contingeret
987 1379 1135 1455 populum

84 1477 205 1536 illiusa
218 1475 280 1533 lide
295 1473 417 1532 deviare
427 1472 596 1546 Catholica,
606 1490 799 1550 nequaquam
814 1473 903 1533 liceat
919 1489 1075 1551 exportare
1088 1480 1134 1538 vel

86 1575 266 1646 extrahere,
294 1585 347 1630 aut
373 1571 447 1630 alias
468 1569 600 1628 alienare
620 1589 746 1646 quoquo
761 1572 864 1630 modo.
888 1573 979 1646 Quod
998 1573 1023 1630 si
1044 1575 1133 1648 forte,

86 1674 181 1750 quod
208 1671 299 1744 absit,
325 1689 343 1728 a
364 1687 519 1746 quoquam
540 1669 646 1744 quavis
666 1669 828 1728 occasione
848 1685 1066 1746 praesumptum
1088 1672 1134 1730 vel

88 1771 255 1848 quomodo
271 1769 347 1827 libet
360 1779 539 1827 attentatum
554 1767 696 1840 extiterit,
710 1781 946 1844 praesumptores
963 1783 993 1828 et
1007 1783 1135 1830 attenta-

87 1866 368 1942 toreshujusmodi
379 1867 587 1942 cujuscunque
598 1865 764 1942 dignitatis,
774 1879 940 1938 status,aut
950 1867 1136 1928 conditionis

90 1967 239 2038 existant,
255 1964 375 2024 etiamsi
392 1963 596 2040 patriarchali,
612 1963 716 2040 regali,
730 1975 782 2021 aut
792 1963 850 2022 alia
861 1965 967 2040 quavis
981 1965 1137 2024 ecclesias·

91 2066 158 2124 tica
178 2065 224 2124 rel
248 2064 403 2122 mundana
422 2061 620 2138 prefulgeant
635 2061 792 2137 dignitate,
813 2063 1136 2123 excommunicationis

94 2163 282 2222 sententiam
297 2163 468 2221 incurrrant
480 2162 547 2237 ipso
557 2161 648 2232 facto,
659 2179 677 2219 a
689 2179 749 2236 qua
759 2179 821 2219 non
835 2160 965 2236 possint,
979 2163 1038 2222 nisi
1052 2163 1136 2240 prius

94 2263 251 2340 Reliquiis
270 2275 301 2321 et
328 2261 466 2338 insigniis
486 2261 560 2337 ipsis
575 2262 673 2320 eidem
698 2260 813 2318 civitati
835 2259 992 2332 restitutis,
1011 2275 1136 2336 praeter-

96 2377 192 2436 quam
213 2361 247 2419 in
266 2361 373 2421 mortis
396 2359 524 2420 articulo
546 2358 714 2431 constituti,
734 2358 936 2418 absolutionis
955 2359 1137 2419 beneficium

95 2459 251 2519 obtinere.

134 2559 228 2632 Sane,
244 2569 355 2618 uttam
369 2557 503 2634 pretiosa
516 2569 639 2632 tamque
658 2557 831 2616 veneranda
850 2555 991 2632 insignia,
1004 2575 1060 2634 pro
1074 2575 1136 2617 suae

97 2657 253 2734 exigentia
267 2657 424 2734 dignitatis
443 2657 475 2714 in
493 2657 552 2714 hoc
574 2655 686 2714 adhoc
706 2673 840 2731 congruo
862 2655 931 2714 loco
950 2655 1053 2714 debita
1068 2673 1137 2714 cum

98 2755 297 2815 veneratione
313 2767 478 2827 serventur,
494 2768 524 2813 et
539 2767 655 2813 servata
665 2753 821 2812 laetificent
835 2754 873 2812 ad
885 2753 1008 2811 illorum
1022 2767 1138 2828 specta-

99 2873 171 2913 rnen
185 2852 388 2924 confluentes,
398 2851 538 2910 volumus
547 2869 581 2909 ac
593 2851 682 2910 etiam
699 2849 884 2919 ordinamus,
898 2851 982 2924 quod
991 2849 1138 2924 Reliquiae

101 2967 131 3010 et
150 2951 283 3028 insignia
309 2949 376 3026 ipsa
401 2949 433 3008 in
462 2948 591 3008 ecclesia
619 2947 722 3007 Sancti
747 2947 877 3023 Spiritus
898 2947 977 3005 Novi
995 2947 1139 3024 Hospita-

101 3050 138 3108 lis
155 3051 245 3110 dictte
269 3047 399 3107 civitatis
420 3045 633 3105 venerabiliter
647 3045 846 3117 collocentur,
862 3057 891 3104 et
905 3043 995 3104 etiarn
1015 3061 1139 3104 conser-

102 3160 227 3220 ventur3
255 3147 400 3222 quodque
427 3144 625 3203 nihilominus
645 3145 735 3204 liceat
758 3143 878 3203 dilectis
893 3143 975 3216 liliis,
993 3143 1139 3220 Magistro

102 3244 216 3304 civium
231 3255 261 3302 et
283 3243 461 3301 consulibus
481 3241 570 3300 dictae
592 3241 731 3314 civitatis,
746 3241 947 3317 praesentibus
967 3255 996 3301 et
1018 3241 1137 3308 futuris,

104 3360 199 3402 unum
221 3341 349 3416 singulis
364 3339 462 3413 annis,
477 3339 509 3397 in
533 3339 633 3398 medio
652 3339 758 3399 circuli
780 3341 914 3415 eiusdem
934 3339 1076 3412 civitatis,
1092 3337 1139 3396 vel

106 3439 164 3499 alio
179 3439 290 3498 adhoc
306 3438 384 3498 intra
398 3455 463 3496 eam
479 3437 726 3497 convenientiore
741 3437 821 3509 loco,
838 3438 1068 3496 tabernaculum
1081 3437 1139 3495 eri-

106 3555 184 3612 gere,
200 3537 309 3612 inquo
325 3535 472 3610 Reliquiae
487 3547 517 3594 et
533 3535 663 3612 insignia
681 3535 747 3612 ipsa
761 3537 876 3611 populo
898 3537 1096 3596 ostendantur
1110 3551 1140 3596 et

106 3635 137 3694 in
149 3653 186 3695 eo
199 3635 301 3704 edam,
318 3633 343 3692 si
357 3646 429 3692 tunc
445 3633 530 3692 locus
545 3633 596 3690 ille
610 3633 743 3709 generali
762 3647 842 3692 esset
863 3633 1035 3708 interdicto,
1049 3634 1140 3694 etiam

107 3734 273 3811 apostolica
281 3731 461 3792 auctoritate
475 3732 668 3808 promulgato
678 3733 864 3808 suppositus,
876 3733 967 3790 horas
977 3733 1139 3792 canonicas

107 3851 124 3890 a
147 3833 254 3910 primis
280 3831 424 3908 vesperis,
450 3849 547 3906 usque
571 3832 609 3888 ad
640 3831 789 3890 secundas
814 3849 954 3908 vesperas
978 3832 1027 3890 die
1050 3831 1139 3890 dictae

107 3929 335 3990 monstrationis
359 3929 516 4000 inclusive,
544 3945 600 3987 nec
629 3947 691 3986 non
716 3929 838 3987 missam
861 3929 951 3990 etiarn
977 3930 1037 3988 alta
1065 3947 1139 3989 voce

107 4029 264 4088 decantare
286 4027 375 4086 liceat
391 4045 398 4084 ε
414 4037 582 4086 statuentes
598 4039 757 4100 praeterea,
771 4039 804 4084 ut
824 4025 959 4085 ostensio
974 4025 1040 4102 ipsa
1064 4025 1139 4085 feria

106 4141 187 4186 serta
220 4139 291 4202 post
323 4139 446 4184 octavas
479 4123 649 4182 festivitatis
684 4124 851 4183 [lominica
884 4123 1137 4194 Resurrectionis,

107 4225 190 4284 annis
203 4223 331 4302 singulis
345 4223 409 4296 liat,
426 4223 683 4298 quemadmodum
698 4235 744 4280 est
763 4221 909 4281 hactenus
927 4221 993 4281 lieri
1008 4239 1137 4281 consue·

106 4333 183 4396 tum;
198 4323 240 4382 ita
253 4337 366 4395 tamen,
379 4325 462 4398 quod
481 4323 506 4381 si
521 4323 625 4382 forsan
635 4323 694 4382 alia
711 4323 760 4382 die
776 4323 923 4400 Reliquiae
940 4324 1014 4400 ipsae
1029 4323 1136 4399 quavis

109 4419 144 4480 de
155 4437 247 4480 causa
259 4421 372 4481 fuerint
391 4421 598 4494 ostendendae,
613 4421 673 4482 hoc
687 4439 749 4482 non
763 4422 794 4483 in
808 4421 1016 4494 tabernaculo,
1030 4421 1083 4480 sed
1105 4419 1136 4480 in
