3134 5606
425 570 470 619 aa
492 567 615 620 sancta
637 563 820 618 couaotnnt
917 579 920 586 ·
1073 541 1141 614 365

89 822 180 864 ronse
196 806 335 866 Domini
347 806 454 864 Nostri
475 806 548 864 lesu
570 804 695 878 Christi,
716 823 735 864 a
753 805 839 880 cujus
860 803 984 863 dextere
1003 803 1089 862 adest
1103 801 1141 860 de

88 902 178 978 ligno
189 907 317 964 SSmae
334 905 453 978 Crucis,
468 921 485 962 a
500 903 623 962 sinistra
634 921 707 962 vero
721 903 759 962 de
774 902 909 978 Spongia
921 899 1044 960 Domini
1059 901 1140 958 Nos-

88 1001 143 1061 tri.
165 1003 255 1074 Quae
271 1019 347 1060 crux
360 1000 418 1058 tuit
428 999 565 1076 exposita
579 999 611 1058 in
624 1017 734 1076 magno
749 999 836 1059 altari
851 1000 871 1058 ¹.
888 1019 901 1054 a

131 1187 368 1251 L’inventaire
389 1187 434 1250 du
461 1187 501 1251 28
531 1187 703 1252 decembre
727 1187 820 1271 1481,
845 1185 943 1251 relate
961 1185 1067 1270 parmi
1092 1185 1140 1250 les

90 1294 250 1378 reliques
270 1295 316 1358 du
333 1293 480 1358 Tresor:

128 1500 143 1533 ι
161 1481 242 1539 Une
256 1481 330 1540 dent
343 1480 381 1538 de
395 1479 476 1538 saint
490 1479 605 1551 Pierre,
619 1497 680 1538 une
698 1479 786 1557 spine
801 1481 838 1539 de
852 1480 882 1538 la
896 1481 1071 1554 Couronne,
1086 1480 1140 1539 des

90 1577 239 1652 reliques
250 1581 288 1637 de
303 1579 334 1636 la
348 1580 431 1638 vraie
441 1579 545 1652 Croix,
560 1580 597 1638 de
616 1577 646 1636 la
660 1577 776 1636 Creche
788 1578 830 1637 du
846 1577 992 1652 Sauveur,
1009 1596 1051 1636 un
1064 1577 1140 1654 petit

93 1691 131 1731 os
147 1675 190 1734 de
207 1677 290 1736 saint
308 1675 551 1754 Jean-ssapttne.
570 1697 587 1737 r

137 1851 190 1918 La
202 1874 300 1940 prose
315 1857 357 1918 de
373 1854 491 1919 l'office
505 1858 546 1920 de
561 1856 647 1922 saint
662 1856 754 1936 Grat,
766 1855 896 1920 suivant
910 1853 1049 1919 l'ancicn
1065 1853 1137 1931 rite,

95 1960 245 2024 tendrait
258 1963 278 2025 l
292 1961 375 2025 faire
390 1963 494 2027 croire
510 1982 573 2046 que
589 1963 618 2026 le
632 1963 718 2026 saint
737 1977 890 2047 rapporta
902 1963 942 2026 de
956 1961 1137 2026 Jerusalem

98 2079 130 2125 et
144 2066 189 2128 de
205 2067 326 2146 Rome,
340 2087 382 2130 en
398 2088 455 2152 771
465 2115 472 2144 ,
484 2087 549 2132 une
558 2068 663 2152 partie
674 2069 715 2132 de
727 2087 780 2132 ces
792 2069 955 2152 reliques:

319 2255 395 2311 Post
404 2253 469 2312 haec
479 2253 570 2312 rediit
583 2255 752 2332 Augustam

319 2350 381 2408 Ubi
400 2351 492 2409 vitam
505 2351 603 2411 finivit
622 2351 722 2410 istam.

319 2448 475 2524 Reliquias
491 2449 551 2508 huc
565 2450 659 2526 gessit

321 2546 367 2602 Ex
381 2564 448 2605 osse
464 2548 547 2606 Petri
563 2547 723 2622 Paulique,

316 2645 528 2704 Mandibulam
541 2645 654 2704 Christi
670 2646 826 2722 Baptistae,

318 2742 425 2818 ibique
444 2745 620 2820 requiescit.

143 2919 185 2983 Et
199 2919 278 3002 plus
294 2919 365 2984 loin
383 2939 390 2984 :

139 3125 152 3158 1
165 3104 211 3163 De
222 3104 308 3181 ligno
316 3107 434 3182 Crucis,
445 3110 483 3167 de
491 3109 590 3185 capite
606 3111 687 3171 beati
697 3113 713 3171 J
716 3112 855 3187 ohannis,
864 3114 902 3173 de
913 3128 1018 3174 sancto
1030 3116 1133 3192 Petro,

103 3199 140 3258 de
159 3215 269 3261 sancto
285 3203 442 3280 Stephano
458 3220 488 3266 et
511 3209 549 3266 de
568 3223 673 3269 sancto
700 3209 847 3286 Sepulcto
871 3227 975 3270 secum
997 3225 1134 3288 reporta-

103 3297 147 3356 vit
157 3298 177 3356 ¹.
194 3321 209 3354 a

140 3483 284 3551 Comme
301 3489 383 3552 dans
405 3505 488 3554 cette
509 3491 739 3557 enumeration
767 3493 807 3558 de
830 3493 984 3578 reliques,
1005 3495 1029 3559 il
1051 3497 1131 3560 n'est

103 3591 192 3656 nulle
202 3609 276 3677 part
289 3595 443 3677 question
458 3599 499 3662 de
513 3597 545 3662 la
559 3597 664 3664 sainte
679 3579 797 3684 sspine,
815 3621 877 3665 son
904 3601 1031 3686 origine
1046 3619 1130 3667 reste

101 3701 188 3766 donc
200 3702 219 3766 a
231 3701 419 3768 decouvrir.

139 3905 186 3969 Le
206 3907 420 3972 merveilleux
435 3908 609 3994 reliquaire
624 3911 681 3976 des
701 3911 822 3976 Damus
841 3912 1056 3997 Augustines,
1073 3916 1130 3998 qui
1144 3933 1226 3980 nm·

100 4011 189 4076 vient
204 4012 232 4077 si
256 4015 508 4097 probablement
523 4019 568 4083 du
588 4019 686 4084 Mont
711 3999 907 4099 Salat-liloi,
923 4021 1004 4086 n'est
1027 4019 1131 4086 arrive
1144 4017 1198 4053 ¹¹¹¹·
1206 4020 1226 4052 ⁸·

134 4265 159 4303 1.
177 4250 238 4304 Duc
249 4251 298 4317 (Le
312 4252 368 4306 Ch.
383 4253 479 4322 E.·t>.),
495 4255 576 4311 Culte
655 4258 733 4324 nelli,
750 4257 827 4327 1896,
842 4259 927 4327 itt-8⁰,
939 4277 970 4329 p.
988 4260 1029 4329 59.

102 4337 135 4390 de
154 4339 230 4392 saint
243 4339 323 4393 orat.
337 4343 436 4410 Turin,
454 4348 575 4417 Artigia-
689 4361 716 4400 n.
736 4345 821 4413 Illa,
837 4363 883 4416 pp.
899 4348 991 4419 58-59.
